,DateTime,Time,EX,SYM_ROOT,BID,BIDSIZ,ASK,ASKSIZ,NATBBO_IND,QU_COND
2082,2018-01-04,09:29:00.007674,Z,AAPL,172.33,3,173.13,3,0,R
2083,2018-01-04,09:29:01.158757,P,AAPL,172.65,1,172.75,3,2,R
2084,2018-01-04,09:29:02.729694,P,AAPL,172.63,2,172.75,3,0,R
2085,2018-01-04,09:29:02.729934,Q,AAPL,172.71,14,172.8,22,2,R
2086,2018-01-04,09:29:02.730286,Z,AAPL,172.33,3,173.13,3,0,R
2087,2018-01-04,09:29:02.730289,K,AAPL,172.58,10,173.0,2,0,R
2088,2018-01-04,09:29:02.730291,Y,AAPL,172.52,1,172.93,1,0,R
2089,2018-01-04,09:29:02.730305,J,AAPL,172.48,1,172.98,1,0,R
2090,2018-01-04,09:29:02.760258,Y,AAPL,172.52,1,172.93,1,0,R
2091,2018-01-04,09:29:02.760258,Z,AAPL,172.33,3,173.13,3,0,R
2092,2018-01-04,09:29:02.760268,K,AAPL,172.58,10,173.0,2,0,R
2093,2018-01-04,09:29:02.760269,J,AAPL,172.48,1,172.98,1,0,R
2094,2018-01-04,09:29:18.929591,P,AAPL,172.63,2,172.75,2,2,R
2095,2018-01-04,09:29:19.188269,Z,AAPL,172.33,3,173.13,3,0,R
2096,2018-01-04,09:29:19.192188,Z,AAPL,172.33,3,173.13,3,0,R
2097,2018-01-04,09:29:22.584268,A,AAPL,172.46,1,0.0,0,0,R
2098,2018-01-04,09:29:22.584343,A,AAPL,172.46,1,173.0,1,0,R
2099,2018-01-04,09:29:23.309249,P,AAPL,172.63,2,172.79,1,2,R
2100,2018-01-04,09:29:24.007927,Z,AAPL,172.33,3,173.17,3,0,R
2101,2018-01-04,09:29:24.833227,Y,AAPL,172.52,1,179.71,1,0,R
2102,2018-01-04,09:29:25.733372,Y,AAPL,172.52,1,172.93,1,0,R
2103,2018-01-04,09:29:34.883593,M,AAPL,172.47,1,0.0,0,0,Y
2104,2018-01-04,09:29:34.883671,M,AAPL,172.47,1,172.99,1,0,R
2105,2018-01-04,09:29:37.464056,Q,AAPL,172.71,14,172.75,1,4,R
2106,2018-01-04,09:29:38.921329,Q,AAPL,172.71,14,172.8,22,2,R
2107,2018-01-04,09:29:38.922181,P,AAPL,172.63,2,172.79,1,0,R
2108,2018-01-04,09:29:38.922589,Z,AAPL,172.33,3,173.17,3,0,R
2109,2018-01-04,09:29:38.922589,Y,AAPL,172.52,1,172.93,1,0,R
2110,2018-01-04,09:29:38.922606,K,AAPL,172.58,10,173.0,2,0,R
2111,2018-01-04,09:29:38.922607,J,AAPL,172.48,1,172.98,1,0,R
2112,2018-01-04,09:29:38.923015,P,AAPL,172.63,2,172.79,1,0,R
2113,2018-01-04,09:29:38.923843,P,AAPL,172.63,2,172.79,1,0,R
2114,2018-01-04,09:29:38.924672,P,AAPL,172.63,2,172.89,5,2,R
2115,2018-01-04,09:29:38.924962,Z,AAPL,172.33,3,173.17,3,0,R
2116,2018-01-04,09:29:38.925624,Q,AAPL,172.71,14,172.8,17,4,R
2117,2018-01-04,09:29:38.952565,Y,AAPL,172.52,1,172.93,1,0,R
2118,2018-01-04,09:29:38.952570,Z,AAPL,172.33,3,173.17,3,0,R
2119,2018-01-04,09:29:38.952579,J,AAPL,172.48,1,172.98,1,0,R
2120,2018-01-04,09:29:38.952580,K,AAPL,172.58,10,173.0,2,0,R
2121,2018-01-04,09:29:39.188229,Z,AAPL,172.33,3,173.17,3,0,R
2122,2018-01-04,09:29:39.191939,Z,AAPL,172.33,3,173.17,3,0,R
2123,2018-01-04,09:29:49.809002,Q,AAPL,172.75,2,172.8,17,4,R
2124,2018-01-04,09:29:53.721133,K,AAPL,172.51,1,173.0,2,0,R
2125,2018-01-04,09:29:54.407955,Z,AAPL,172.37,3,173.17,3,0,R
2126,2018-01-04,09:29:58.422592,K,AAPL,172.51,1,173.0,1,0,R
2127,2018-01-04,09:29:59.905597,Q,AAPL,172.71,14,172.8,17,4,R
2128,2018-01-04,09:29:59.905600,Q,AAPL,172.6,51,172.8,17,2,R
2129,2018-01-04,09:29:59.905668,Q,AAPL,172.6,51,172.71,1,2,R
2130,2018-01-04,09:29:59.905935,Y,AAPL,172.52,1,172.93,1,0,R
2131,2018-01-04,09:29:59.905952,Z,AAPL,172.37,3,173.17,3,0,R
2132,2018-01-04,09:29:59.905953,J,AAPL,172.48,1,172.98,1,0,R
2133,2018-01-04,09:29:59.905969,K,AAPL,172.51,1,173.0,1,0,R
2134,2018-01-04,09:29:59.906162,Q,AAPL,172.6,51,172.8,17,2,R
2135,2018-01-04,09:29:59.906209,Q,AAPL,172.6,51,172.71,1,2,R
2136,2018-01-04,09:29:59.906466,Y,AAPL,172.52,1,172.93,1,0,R
2137,2018-01-04,09:29:59.906467,Z,AAPL,172.37,3,173.17,3,0,R
2138,2018-01-04,09:29:59.906472,J,AAPL,172.48,1,172.98,1,0,R
2139,2018-01-04,09:29:59.906475,K,AAPL,172.51,1,173.0,1,0,R
2140,2018-01-04,09:29:59.907875,Z,AAPL,172.37,3,173.17,3,0,R
2141,2018-01-04,09:30:00.002440,V,AAPL,172.24,1,173.28,1,0,R
2142,2018-01-04,09:30:00.007893,Z,AAPL,172.25,3,173.17,3,0,R
2143,2018-01-04,09:30:00.008077,Z,AAPL,172.25,3,173.17,3,0,R
2144,2018-01-04,09:30:00.114854,P,AAPL,172.54,2,172.89,5,2,R
2145,2018-01-04,09:30:00.162143,V,AAPL,169.33,3,173.28,1,0,R
2146,2018-01-04,09:30:00.179964,P,AAPL,172.63,1,172.89,5,2,R
2147,2018-01-04,09:30:00.192815,Q,AAPL,172.6,51,172.71,2,2,R
2148,2018-01-04,09:30:00.199609,Z,AAPL,172.25,3,173.17,3,0,R
2149,2018-01-04,09:30:00.216050,X,AAPL,172.64,1,172.95,10,2,R
2150,2018-01-04,09:30:00.217465,V,AAPL,169.33,3,173.79,1,0,R
2151,2018-01-04,09:30:00.226312,K,AAPL,172.51,1,173.0,1,0,R
2152,2018-01-04,09:30:00.227268,Y,AAPL,165.84,1,172.93,1,0,R
2153,2018-01-04,09:30:00.227995,V,AAPL,169.33,3,176.25,3,0,R
2154,2018-01-04,09:30:00.242036,Z,AAPL,172.25,3,173.17,3,0,R
2155,2018-01-04,09:30:00.242303,X,AAPL,172.46,6,172.95,10,2,R
2156,2018-01-04,09:30:00.242620,J,AAPL,165.84,1,172.98,1,0,R
2157,2018-01-04,09:30:00.258104,Z,AAPL,172.25,3,172.7,1,2,R
2158,2018-01-04,09:30:00.265703,Z,AAPL,172.25,3,173.17,3,2,R
2159,2018-01-04,09:30:00.265811,Y,AAPL,165.84,1,172.93,1,0,R
2160,2018-01-04,09:30:00.295796,Y,AAPL,165.84,1,172.93,1,0,R
2161,2018-01-04,09:30:00.419196,X,AAPL,172.46,6,172.67,1,2,R
2162,2018-01-04,09:30:00.419537,X,AAPL,172.46,6,172.95,10,2,R
2163,2018-01-04,09:30:00.426891,Q,AAPL,172.63,5,172.71,2,4,R
2164,2018-01-04,09:30:00.428479,Q,AAPL,172.63,6,172.71,2,4,R
2165,2018-01-04,09:30:00.430316,Q,AAPL,172.63,7,172.71,2,4,R
2166,2018-01-04,09:30:00.454717,Z,AAPL,172.25,3,173.17,3,0,R
2167,2018-01-04,09:30:00.474096,B,AAPL,165.84,1,173.11,2,0,R
2168,2018-01-04,09:30:00.474101,B,AAPL,165.84,1,179.71,1,0,R
2169,2018-01-04,09:30:00.474214,J,AAPL,165.84,1,179.71,3,0,R
2170,2018-01-04,09:30:00.474285,Y,AAPL,165.84,1,179.71,2,0,R
2171,2018-01-04,09:30:00.474439,M,AAPL,0.0,0,172.99,1,0,Y
2172,2018-01-04,09:30:00.474460,M,AAPL,0.0,0,0.0,0,0,R
2173,2018-01-04,09:30:00.474814,A,AAPL,0.0,0,173.0,1,0,R
2174,2018-01-04,09:30:00.474851,A,AAPL,0.0,0,0.0,0,0,R
2175,2018-01-04,09:30:00.492765,Q,AAPL,172.63,7,172.71,3,4,R
2176,2018-01-04,09:30:00.505282,P,AAPL,172.71,1,172.89,5,2,R
2177,2018-01-04,09:30:00.505380,P,AAPL,172.63,1,172.89,5,2,R
2178,2018-01-04,09:30:00.515884,Y,AAPL,172.57,1,179.71,2,0,R
2179,2018-01-04,09:30:00.522023,Q,AAPL,172.63,7,172.71,2,4,R
2180,2018-01-04,09:30:00.522087,Q,AAPL,172.63,7,172.71,1,4,R
2181,2018-01-04,09:30:00.522090,Q,AAPL,172.63,7,172.8,17,4,R
2182,2018-01-04,09:30:00.523104,K,AAPL,172.51,1,173.0,1,0,R
2183,2018-01-04,09:30:00.523210,Z,AAPL,172.61,1,173.17,3,0,R
2184,2018-01-04,09:30:00.523694,Y,AAPL,172.57,1,179.71,2,0,R
2185,2018-01-04,09:30:00.524159,Q,AAPL,172.63,7,172.71,1,4,R
2186,2018-01-04,09:30:00.525506,Y,AAPL,172.57,1,179.71,2,0,R
2187,2018-01-04,09:30:00.530163,X,AAPL,164.0,1,172.95,10,0,R
2188,2018-01-04,09:30:00.544454,Q,AAPL,172.63,7,172.8,17,4,R
2189,2018-01-04,09:30:00.545599,Z,AAPL,172.61,1,172.8,1,0,R
2190,2018-01-04,09:30:00.545671,Z,AAPL,172.63,1,172.8,1,0,R
2191,2018-01-04,09:30:00.545708,Y,AAPL,172.57,1,179.71,2,0,R
2192,2018-01-04,09:30:00.545720,K,AAPL,172.63,1,173.0,1,0,R
2193,2018-01-04,09:30:00.545858,Y,AAPL,172.57,1,179.71,2,0,R
2194,2018-01-04,09:30:00.545888,Y,AAPL,172.57,1,179.71,2,0,R
2195,2018-01-04,09:30:00.546116,Y,AAPL,172.57,1,179.71,2,0,R
2196,2018-01-04,09:30:00.546314,P,AAPL,172.63,2,172.89,5,0,R
2197,2018-01-04,09:30:00.547251,Q,AAPL,172.63,7,172.8,17,4,R
2198,2018-01-04,09:30:00.551261,Q,AAPL,172.75,12,172.8,17,4,R
2199,2018-01-04,09:30:00.553299,Y,AAPL,172.57,1,179.71,2,0,R
2200,2018-01-04,09:30:00.571368,Q,AAPL,172.75,11,172.8,17,4,R
2201,2018-01-04,09:30:00.571402,Q,AAPL,172.75,10,172.8,17,4,R
2202,2018-01-04,09:30:00.571465,Q,AAPL,172.75,5,172.8,17,4,R
2203,2018-01-04,09:30:00.571466,Q,AAPL,172.75,4,172.8,17,4,R
2204,2018-01-04,09:30:00.571878,K,AAPL,172.63,1,173.0,1,0,R
2205,2018-01-04,09:30:00.573197,Y,AAPL,172.57,1,179.71,2,0,R
2206,2018-01-04,09:30:00.574191,Z,AAPL,172.63,1,172.8,1,0,R
2207,2018-01-04,09:30:00.574208,J,AAPL,165.84,1,179.71,3,0,R
2208,2018-01-04,09:30:00.574781,Q,AAPL,172.7,2,172.8,17,4,R
2209,2018-01-04,09:30:00.581351,K,AAPL,172.63,1,173.0,1,0,R
2210,2018-01-04,09:30:00.591201,Y,AAPL,172.57,1,179.71,2,0,R
2211,2018-01-04,09:30:00.591213,Z,AAPL,172.63,1,172.8,1,0,R
2212,2018-01-04,09:30:00.591215,J,AAPL,165.84,1,179.71,3,0,R
2213,2018-01-04,09:30:00.591226,K,AAPL,172.63,1,173.0,1,0,R
2214,2018-01-04,09:30:00.591317,Y,AAPL,172.57,1,179.71,2,0,R
2215,2018-01-04,09:30:00.591566,Y,AAPL,172.57,1,179.71,2,0,R
2216,2018-01-04,09:30:00.602997,Z,AAPL,172.63,1,172.77,1,2,R
2217,2018-01-04,09:30:00.603088,Y,AAPL,172.57,1,179.71,2,0,R
2218,2018-01-04,09:30:00.603141,Z,AAPL,172.63,1,172.8,1,2,R
2219,2018-01-04,09:30:00.612221,B,AAPL,165.84,1,172.8,3,0,R
2220,2018-01-04,09:30:00.614795,Z,AAPL,172.63,2,172.8,1,0,R
2221,2018-01-04,09:30:00.617490,B,AAPL,165.84,1,172.8,8,0,R
2222,2018-01-04,09:30:00.629474,Y,AAPL,172.57,1,172.8,1,0,R
2223,2018-01-04,09:30:00.632086,B,AAPL,165.84,1,172.8,5,0,R
2224,2018-01-04,09:30:00.635149,Z,AAPL,172.63,3,172.8,1,0,R
2225,2018-01-04,09:30:00.639762,X,AAPL,172.63,1,172.95,10,0,R
2226,2018-01-04,09:30:00.647234,Y,AAPL,172.57,1,179.71,2,0,R
2227,2018-01-04,09:30:00.670141,B,AAPL,165.84,1,172.8,5,0,R
2228,2018-01-04,09:30:00.694182,V,AAPL,172.63,1,176.25,3,0,R
2229,2018-01-04,09:30:00.694697,K,AAPL,172.7,1,173.0,1,0,R
2230,2018-01-04,09:30:00.709947,B,AAPL,165.84,1,172.8,4,0,R
2231,2018-01-04,09:30:00.773612,B,AAPL,165.84,1,172.8,5,0,R
2232,2018-01-04,09:30:00.785704,K,AAPL,172.63,1,173.0,1,0,R
2233,2018-01-04,09:30:00.793869,Q,AAPL,172.71,1,172.8,17,4,R
2234,2018-01-04,09:30:00.793970,B,AAPL,165.84,1,172.8,5,0,R
2235,2018-01-04,09:30:00.798341,K,AAPL,172.63,1,173.0,1,0,R
2236,2018-01-04,09:30:00.800193,B,AAPL,165.84,1,172.8,5,0,R
2237,2018-01-04,09:30:00.821843,Y,AAPL,172.57,1,179.71,2,0,R
2238,2018-01-04,09:30:00.830686,Q,AAPL,172.71,1,172.8,16,4,R
2239,2018-01-04,09:30:00.830853,B,AAPL,165.84,1,172.8,5,0,R
2240,2018-01-04,09:30:00.831432,Y,AAPL,172.57,1,179.71,2,0,R
2241,2018-01-04,09:30:00.876956,B,AAPL,165.84,1,172.8,1,0,R
2242,2018-01-04,09:30:00.934636,P,AAPL,172.63,2,172.76,1,2,R
2243,2018-01-04,09:30:00.944937,B,AAPL,165.84,1,179.71,1,0,R
2244,2018-01-04,09:30:00.949071,P,AAPL,172.63,2,172.89,5,2,R
2245,2018-01-04,09:30:00.950932,K,AAPL,172.71,1,173.0,1,0,R
2246,2018-01-04,09:30:00.960393,P,AAPL,172.63,2,172.76,1,2,R
2247,2018-01-04,09:30:00.965974,Q,AAPL,172.75,1,172.8,16,2,R
2248,2018-01-04,09:30:00.967318,K,AAPL,172.75,1,173.0,1,0,R
2249,2018-01-04,09:30:00.968695,K,AAPL,172.75,1,173.0,1,0,R
2250,2018-01-04,09:30:00.969485,P,AAPL,172.63,2,172.89,5,2,R
2251,2018-01-04,09:30:00.969646,Q,AAPL,172.71,1,172.8,16,2,R
2252,2018-01-04,09:30:00.970184,K,AAPL,172.75,1,173.0,1,0,R
2253,2018-01-04,09:30:00.970782,K,AAPL,172.63,1,173.0,1,2,R
2254,2018-01-04,09:30:00.971897,K,AAPL,172.63,1,173.0,1,0,R
2255,2018-01-04,09:30:00.972733,P,AAPL,172.7,1,172.89,5,0,R
2256,2018-01-04,09:30:00.973532,P,AAPL,172.7,1,172.85,1,0,R
2257,2018-01-04,09:30:00.973956,P,AAPL,172.71,1,172.85,1,0,R
2258,2018-01-04,09:30:00.993817,P,AAPL,172.63,2,172.85,1,0,R
2259,2018-01-04,09:30:01.042889,Y,AAPL,165.84,1,179.71,2,0,R
2260,2018-01-04,09:30:01.053277,K,AAPL,172.63,1,172.8,1,0,R
2261,2018-01-04,09:30:01.060549,P,AAPL,172.63,2,172.89,5,0,R
2262,2018-01-04,09:30:01.060762,K,AAPL,172.63,1,172.8,1,0,R
2263,2018-01-04,09:30:01.060857,Z,AAPL,172.63,3,172.78,1,2,R
2264,2018-01-04,09:30:01.061014,K,AAPL,172.63,1,172.8,1,0,R
2265,2018-01-04,09:30:01.061291,Z,AAPL,172.72,1,172.78,1,4,R
2266,2018-01-04,09:30:01.062318,K,AAPL,172.63,1,172.8,1,0,R
2267,2018-01-04,09:30:01.090845,Z,AAPL,172.72,1,172.8,1,2,R
2268,2018-01-04,09:30:01.095583,P,AAPL,172.76,1,172.89,5,2,R
2269,2018-01-04,09:30:01.141737,K,AAPL,172.7,1,172.8,1,0,R
2270,2018-01-04,09:30:01.149943,P,AAPL,172.76,2,172.89,5,2,R
2271,2018-01-04,09:30:01.157077,K,AAPL,172.7,1,172.8,1,0,R
2272,2018-01-04,09:30:01.157202,K,AAPL,172.7,1,172.8,1,0,R
2273,2018-01-04,09:30:01.157288,Y,AAPL,172.73,1,179.71,2,0,R
2274,2018-01-04,09:30:01.162142,Q,AAPL,172.71,1,172.79,1,2,R
2275,2018-01-04,09:30:01.162786,K,AAPL,172.71,1,172.8,1,0,R
2276,2018-01-04,09:30:01.181589,K,AAPL,172.73,1,172.8,1,0,R
2277,2018-01-04,09:30:01.187276,Y,AAPL,165.84,1,179.71,2,0,R
2278,2018-01-04,09:30:01.187589,K,AAPL,172.73,2,172.8,1,0,R
2279,2018-01-04,09:30:01.187927,K,AAPL,172.74,1,172.8,1,0,R
2280,2018-01-04,09:30:01.189372,Q,AAPL,172.72,2,172.79,1,0,R
2281,2018-01-04,09:30:01.189476,Z,AAPL,172.72,2,172.8,1,0,R
2282,2018-01-04,09:30:01.203320,A,AAPL,136.3,2,0.0,0,0,R
2283,2018-01-04,09:30:01.204358,A,AAPL,158.0,1,0.0,0,0,R
2284,2018-01-04,09:30:01.205674,Q,AAPL,172.72,2,172.8,16,2,R
2285,2018-01-04,09:30:01.205715,A,AAPL,158.0,1,175.0,2,0,R
2286,2018-01-04,09:30:01.205744,B,AAPL,172.25,1,179.71,1,0,R
2287,2018-01-04,09:30:01.205744,B,AAPL,172.25,1,173.3,1,0,R
2288,2018-01-04,09:30:01.206096,Y,AAPL,172.25,1,173.3,1,0,R
2289,2018-01-04,09:30:01.206119,J,AAPL,172.25,1,173.3,1,0,R
2290,2018-01-04,09:30:01.206798,A,AAPL,170.0,2,175.0,2,0,R
2291,2018-01-04,09:30:01.212357,A,AAPL,170.0,2,174.0,5,0,R
2292,2018-01-04,09:30:01.216782,Q,AAPL,172.72,2,172.8,15,2,R
2293,2018-01-04,09:30:01.219483,A,AAPL,170.0,3,174.0,5,0,R
2294,2018-01-04,09:30:01.221601,A,AAPL,170.0,4,174.0,5,0,R
2295,2018-01-04,09:30:01.227282,A,AAPL,170.0,4,173.9,5,0,R
2296,2018-01-04,09:30:01.237491,A,AAPL,170.0,8,173.9,5,0,R
2297,2018-01-04,09:30:01.298889,V,AAPL,172.63,1,173.3,1,0,R
2298,2018-01-04,09:30:01.316015,K,AAPL,172.74,1,172.87,1,0,R
2299,2018-01-04,09:30:01.316109,Y,AAPL,172.77,1,173.3,1,2,R
2300,2018-01-04,09:30:01.316110,Z,AAPL,172.72,2,173.17,3,0,R
2301,2018-01-04,09:30:01.316476,Q,AAPL,172.72,2,172.85,2,2,R
2302,2018-01-04,09:30:01.323937,Q,AAPL,172.72,2,172.85,5,2,R
2303,2018-01-04,09:30:01.333377,Q,AAPL,172.75,1,172.85,5,0,R
2304,2018-01-04,09:30:01.335687,Q,AAPL,172.75,1,172.84,1,2,R
2305,2018-01-04,09:30:01.336305,K,AAPL,172.75,1,172.87,1,0,R
2306,2018-01-04,09:30:01.336977,Q,AAPL,172.75,1,172.84,4,2,R
2307,2018-01-04,09:30:01.346095,Y,AAPL,172.25,1,173.3,1,2,R
2308,2018-01-04,09:30:01.355424,K,AAPL,172.74,1,172.87,1,0,R
2309,2018-01-04,09:30:01.416713,Q,AAPL,172.75,2,172.84,4,0,R
2310,2018-01-04,09:30:01.460136,Q,AAPL,172.75,1,172.84,4,0,R
2311,2018-01-04,09:30:01.461320,Q,AAPL,172.77,1,172.84,4,4,R
2312,2018-01-04,09:30:01.481480,K,AAPL,172.75,1,172.87,1,0,R
2313,2018-01-04,09:30:01.500019,Q,AAPL,172.77,1,172.84,3,4,R
2314,2018-01-04,09:30:01.500022,Q,AAPL,172.77,1,172.84,1,4,R
2315,2018-01-04,09:30:01.500052,Q,AAPL,172.77,1,172.85,3,4,R
2316,2018-01-04,09:30:01.500091,K,AAPL,172.75,1,173.0,15,0,R
2317,2018-01-04,09:30:01.500196,J,AAPL,172.81,1,173.3,1,2,R
2318,2018-01-04,09:30:01.500649,K,AAPL,172.77,1,173.0,15,0,R
2319,2018-01-04,09:30:01.520563,K,AAPL,172.77,1,173.0,15,0,R
2320,2018-01-04,09:30:01.522059,K,AAPL,172.77,1,173.0,15,0,R
2321,2018-01-04,09:30:01.522472,Q,AAPL,172.75,1,172.85,3,0,R
2322,2018-01-04,09:30:01.523441,Q,AAPL,172.81,1,172.85,3,0,R
2323,2018-01-04,09:30:01.524075,K,AAPL,172.79,1,173.0,15,0,R
2324,2018-01-04,09:30:01.524149,Q,AAPL,172.81,1,172.85,2,2,R
2325,2018-01-04,09:30:01.530179,J,AAPL,172.25,1,173.3,1,2,R
2326,2018-01-04,09:30:01.545885,K,AAPL,172.81,1,173.0,15,0,R
2327,2018-01-04,09:30:01.548708,K,AAPL,172.81,1,172.85,1,0,R
2328,2018-01-04,09:30:01.551030,P,AAPL,172.76,2,172.85,2,0,R
2329,2018-01-04,09:30:01.553649,P,AAPL,172.81,1,172.85,2,0,R
2330,2018-01-04,09:30:01.554497,P,AAPL,172.81,1,172.89,5,0,R
2331,2018-01-04,09:30:01.555367,P,AAPL,172.81,2,172.89,5,2,R
2332,2018-01-04,09:30:01.556204,P,AAPL,172.81,3,172.89,5,2,R
2333,2018-01-04,09:30:01.585523,Q,AAPL,172.81,1,172.84,1,2,R
2334,2018-01-04,09:30:01.607925,Z,AAPL,172.72,2,173.23,3,0,R
2335,2018-01-04,09:30:01.695668,B,AAPL,172.25,1,172.84,1,0,R
2336,2018-01-04,09:30:01.708937,P,AAPL,172.81,2,172.89,5,2,R
2337,2018-01-04,09:30:01.708948,P,AAPL,172.81,1,172.89,5,2,R
2338,2018-01-04,09:30:01.715876,B,AAPL,172.81,1,172.84,1,0,R
2339,2018-01-04,09:30:01.717525,P,AAPL,172.81,2,172.89,5,2,R
2340,2018-01-04,09:30:01.718682,P,AAPL,172.81,3,172.89,5,2,R
2341,2018-01-04,09:30:01.719036,B,AAPL,172.81,1,173.3,1,0,R
2342,2018-01-04,09:30:01.731468,A,AAPL,172.01,1,173.9,5,0,R
2343,2018-01-04,09:30:01.743060,P,AAPL,172.81,1,172.89,5,2,R
2344,2018-01-04,09:30:01.751309,P,AAPL,172.81,2,172.89,5,2,R
2345,2018-01-04,09:30:01.751748,P,AAPL,172.81,3,172.89,5,2,R
2346,2018-01-04,09:30:01.752259,P,AAPL,172.81,1,172.89,5,2,R
2347,2018-01-04,09:30:01.753288,Z,AAPL,172.82,2,173.23,3,2,R
2348,2018-01-04,09:30:01.755957,Q,AAPL,172.75,1,172.84,1,0,R
2349,2018-01-04,09:30:01.756737,Q,AAPL,172.82,1,172.84,1,0,R
2350,2018-01-04,09:30:01.759465,P,AAPL,172.81,2,172.89,5,0,R
2351,2018-01-04,09:30:01.760211,P,AAPL,172.81,3,172.89,5,0,R
2352,2018-01-04,09:30:01.765409,Q,AAPL,172.82,2,172.84,1,0,R
2353,2018-01-04,09:30:01.765461,Q,AAPL,172.82,2,172.85,2,2,R
2354,2018-01-04,09:30:01.765815,Q,AAPL,172.82,1,172.85,2,0,R
2355,2018-01-04,09:30:01.765928,Q,AAPL,172.82,1,172.84,1,2,R
2356,2018-01-04,09:30:01.766077,Q,AAPL,172.82,1,172.85,2,2,R
2357,2018-01-04,09:30:01.766222,Y,AAPL,172.25,1,173.3,1,0,R
2358,2018-01-04,09:30:01.766233,Z,AAPL,172.82,2,173.23,3,0,R
2359,2018-01-04,09:30:01.766245,J,AAPL,172.25,1,173.3,1,0,R
2360,2018-01-04,09:30:01.766250,K,AAPL,172.81,1,172.85,1,0,R
2361,2018-01-04,09:30:01.766409,Z,AAPL,172.82,2,173.23,3,0,R
2362,2018-01-04,09:30:01.766414,Y,AAPL,172.25,1,173.3,1,0,R
2363,2018-01-04,09:30:01.766421,J,AAPL,172.25,1,173.3,1,0,R
2364,2018-01-04,09:30:01.766421,K,AAPL,172.81,1,172.85,1,0,R
2365,2018-01-04,09:30:01.767256,Q,AAPL,172.82,1,172.85,1,2,R
2366,2018-01-04,09:30:01.767259,Q,AAPL,172.82,1,172.86,3,0,R
2367,2018-01-04,09:30:01.767615,Z,AAPL,172.82,2,173.23,3,0,R
2368,2018-01-04,09:30:01.767615,Y,AAPL,172.25,1,173.3,1,0,R
2369,2018-01-04,09:30:01.767629,J,AAPL,172.25,1,173.3,1,0,R
2370,2018-01-04,09:30:01.767641,K,AAPL,172.81,1,172.85,1,0,R
2371,2018-01-04,09:30:01.767914,K,AAPL,172.81,2,172.85,1,0,R
2372,2018-01-04,09:30:01.768381,Q,AAPL,172.75,1,172.86,3,0,R
2373,2018-01-04,09:30:01.768433,K,AAPL,172.81,2,173.0,15,2,R
2374,2018-01-04,09:30:01.769163,K,AAPL,172.81,2,173.0,15,0,R
2375,2018-01-04,09:30:01.769195,K,AAPL,172.81,2,173.0,15,0,R
2376,2018-01-04,09:30:01.769295,J,AAPL,172.25,1,173.3,1,0,R
2377,2018-01-04,09:30:01.769430,Z,AAPL,172.72,2,173.23,3,2,R
2378,2018-01-04,09:30:01.769894,Q,AAPL,172.75,1,172.88,1,2,R
2379,2018-01-04,09:30:01.770137,Z,AAPL,172.72,2,173.23,3,0,R
2380,2018-01-04,09:30:01.770210,Y,AAPL,172.25,1,173.3,1,0,R
2381,2018-01-04,09:30:01.770221,J,AAPL,172.25,1,173.3,1,0,R
2382,2018-01-04,09:30:01.770234,K,AAPL,172.81,2,173.0,15,0,R
2383,2018-01-04,09:30:01.770243,J,AAPL,172.25,1,173.3,1,0,R
2384,2018-01-04,09:30:01.770313,J,AAPL,172.25,1,173.3,1,0,R
2385,2018-01-04,09:30:01.771041,Q,AAPL,172.81,1,172.88,1,0,R
2386,2018-01-04,09:30:01.771248,J,AAPL,172.25,1,173.3,1,0,R
2387,2018-01-04,09:30:01.771254,Z,AAPL,172.72,2,173.23,3,0,R
2388,2018-01-04,09:30:01.771330,Z,AAPL,172.72,2,173.23,3,0,R
2389,2018-01-04,09:30:01.772089,Q,AAPL,172.81,1,172.89,2,2,R
2390,2018-01-04,09:30:01.772455,Z,AAPL,172.72,2,173.23,3,0,R
2391,2018-01-04,09:30:01.773498,Q,AAPL,172.81,1,172.89,1,0,R
2392,2018-01-04,09:30:01.773500,Q,AAPL,172.81,1,172.9,28,0,R
2393,2018-01-04,09:30:01.774878,Q,AAPL,172.81,2,172.9,28,0,R
2394,2018-01-04,09:30:01.777040,Z,AAPL,172.72,2,173.23,3,0,R
2395,2018-01-04,09:30:01.783371,Q,AAPL,172.81,3,172.9,28,0,R
2396,2018-01-04,09:30:01.796922,B,AAPL,172.81,1,173.3,1,0,R
2397,2018-01-04,09:30:01.797031,P,AAPL,172.81,3,172.89,1,4,R
2398,2018-01-04,09:30:01.803544,P,AAPL,172.81,3,172.99,5,2,R
2399,2018-01-04,09:30:01.867251,Y,AAPL,172.25,1,173.3,1,0,R
2400,2018-01-04,09:30:01.930382,Q,AAPL,172.81,2,172.9,28,2,R
2401,2018-01-04,09:30:01.959040,V,AAPL,172.69,1,173.3,1,0,R
2402,2018-01-04,09:30:01.977368,Z,AAPL,172.72,2,172.98,1,0,R
2403,2018-01-04,09:30:02.021658,Z,AAPL,172.72,2,173.23,3,0,R
2404,2018-01-04,09:30:02.032020,Z,AAPL,172.72,2,173.0,5,0,R
2405,2018-01-04,09:30:02.047855,K,AAPL,172.81,1,173.0,15,0,R
2406,2018-01-04,09:30:02.056697,Y,AAPL,172.57,1,173.3,1,0,R
2407,2018-01-04,09:30:02.062859,Q,AAPL,172.81,2,172.9,29,2,R
2408,2018-01-04,09:30:02.159462,Q,AAPL,172.81,2,172.88,3,2,R
2409,2018-01-04,09:30:02.159604,B,AAPL,172.81,1,173.3,1,0,R
2410,2018-01-04,09:30:02.159802,Z,AAPL,172.72,2,173.0,5,0,R
2411,2018-01-04,09:30:02.159904,Z,AAPL,172.72,2,173.0,5,0,R
2412,2018-01-04,09:30:02.160382,Y,AAPL,172.57,1,173.3,1,0,R
2413,2018-01-04,09:30:02.170230,P,AAPL,172.76,1,172.99,5,2,R
2414,2018-01-04,09:30:02.174342,Z,AAPL,172.72,2,173.0,5,0,R
2415,2018-01-04,09:30:02.189895,Z,AAPL,172.72,2,173.0,5,0,R
2416,2018-01-04,09:30:02.301696,P,AAPL,172.76,1,172.95,1,0,R
2417,2018-01-04,09:30:02.320077,P,AAPL,172.76,1,172.99,5,0,R
2418,2018-01-04,09:30:02.356936,P,AAPL,172.76,1,172.96,1,0,R
2419,2018-01-04,09:30:02.446801,Y,AAPL,172.25,1,173.3,1,0,R
2420,2018-01-04,09:30:02.463855,P,AAPL,172.77,1,172.96,1,0,R
2421,2018-01-04,09:30:02.463939,P,AAPL,172.77,1,172.95,1,0,R
2422,2018-01-04,09:30:02.479398,P,AAPL,172.77,1,172.96,1,0,R
2423,2018-01-04,09:30:02.479408,P,AAPL,172.77,1,172.99,5,0,R
2424,2018-01-04,09:30:02.605706,Z,AAPL,172.76,1,173.0,5,0,R
2425,2018-01-04,09:30:02.621114,P,AAPL,172.77,1,172.95,1,0,R
2426,2018-01-04,09:30:02.631812,Q,AAPL,172.81,1,172.88,3,2,R
2427,2018-01-04,09:30:02.749202,P,AAPL,172.81,1,172.95,1,0,R
2428,2018-01-04,09:30:02.758452,Q,AAPL,172.81,2,172.88,3,4,R
2429,2018-01-04,09:30:02.769769,Q,AAPL,172.81,2,172.88,4,4,R
2430,2018-01-04,09:30:02.853562,B,AAPL,172.81,1,172.88,2,0,R
2431,2018-01-04,09:30:02.853631,B,AAPL,172.25,1,172.88,2,0,R
2432,2018-01-04,09:30:02.853641,Q,AAPL,172.81,1,172.88,4,2,R
2433,2018-01-04,09:30:02.853643,Q,AAPL,172.77,1,172.88,4,0,R
2434,2018-01-04,09:30:02.855605,Q,AAPL,172.81,1,172.88,4,0,R
2435,2018-01-04,09:30:02.869235,Q,AAPL,172.81,2,172.88,4,4,R
2436,2018-01-04,09:30:02.869292,Q,AAPL,172.81,1,172.88,4,2,R
2437,2018-01-04,09:30:02.869292,Q,AAPL,172.77,1,172.88,4,0,R
2438,2018-01-04,09:30:02.869603,K,AAPL,172.77,1,173.0,15,2,R
2439,2018-01-04,09:30:02.869648,Z,AAPL,172.76,1,173.0,5,0,R
2440,2018-01-04,09:30:02.869650,Y,AAPL,172.25,1,173.3,1,0,R
2441,2018-01-04,09:30:02.869666,K,AAPL,172.77,1,173.0,15,0,R
2442,2018-01-04,09:30:02.869674,J,AAPL,172.25,1,173.3,1,0,R
2443,2018-01-04,09:30:02.869695,Y,AAPL,172.25,1,172.91,1,0,R
2444,2018-01-04,09:30:02.869705,Z,AAPL,172.76,1,172.91,1,0,R
2445,2018-01-04,09:30:02.869710,J,AAPL,172.25,1,172.91,1,0,R
2446,2018-01-04,09:30:02.869712,K,AAPL,172.77,1,172.91,1,0,R
2447,2018-01-04,09:30:02.869797,Z,AAPL,172.76,1,172.91,2,0,R
2448,2018-01-04,09:30:02.869849,K,AAPL,172.78,1,172.91,1,0,R
2449,2018-01-04,09:30:02.869882,P,AAPL,172.77,1,172.95,1,2,R
2450,2018-01-04,09:30:02.869911,Y,AAPL,172.25,1,173.3,1,0,R
2451,2018-01-04,09:30:02.869915,Z,AAPL,172.76,1,172.91,1,0,R
2452,2018-01-04,09:30:02.869924,J,AAPL,172.25,1,173.3,1,0,R
2453,2018-01-04,09:30:02.869926,K,AAPL,172.78,1,173.0,15,0,R
2454,2018-01-04,09:30:02.869984,P,AAPL,172.77,1,172.91,1,0,R
2455,2018-01-04,09:30:02.870215,P,AAPL,172.77,1,172.95,1,0,R
2456,2018-01-04,09:30:02.870267,K,AAPL,172.76,1,173.0,15,2,R
2457,2018-01-04,09:30:02.870744,K,AAPL,172.75,1,173.0,15,0,R
2458,2018-01-04,09:30:02.871334,Q,AAPL,172.81,1,172.88,4,4,R
2459,2018-01-04,09:30:02.871632,Z,AAPL,172.76,1,172.91,1,0,R
2460,2018-01-04,09:30:02.871642,Y,AAPL,172.25,1,173.3,1,0,R
2461,2018-01-04,09:30:02.871645,J,AAPL,172.25,1,173.3,1,0,R
2462,2018-01-04,09:30:02.871646,K,AAPL,172.75,1,173.0,15,0,R
2463,2018-01-04,09:30:02.871704,Z,AAPL,172.76,1,173.0,5,0,R
2464,2018-01-04,09:30:02.872233,P,AAPL,172.77,1,172.88,1,0,R
2465,2018-01-04,09:30:02.967682,K,AAPL,172.76,1,173.0,15,0,R
2466,2018-01-04,09:30:03.027191,P,AAPL,172.77,1,172.95,1,0,R
2467,2018-01-04,09:30:03.027591,K,AAPL,172.77,1,173.0,15,0,R
2468,2018-01-04,09:30:03.059218,P,AAPL,172.77,1,172.91,1,0,R
2469,2018-01-04,09:30:03.061291,Q,AAPL,172.81,1,172.88,5,4,R
2470,2018-01-04,09:30:03.237842,X,AAPL,165.0,30,172.95,10,0,R
2471,2018-01-04,09:30:03.237887,X,AAPL,172.64,5,172.95,10,0,R
2472,2018-01-04,09:30:03.238579,P,AAPL,172.77,1,172.88,1,0,R
2473,2018-01-04,09:30:03.355403,P,AAPL,172.77,1,172.91,1,0,R
2474,2018-01-04,09:30:03.355413,P,AAPL,172.77,1,172.92,1,0,R
2475,2018-01-04,09:30:03.420794,K,AAPL,172.81,1,173.0,15,0,R
2476,2018-01-04,09:30:03.449322,P,AAPL,172.81,1,172.92,1,0,R
2477,2018-01-04,09:30:03.494680,Q,AAPL,172.81,2,172.88,5,4,R
2478,2018-01-04,09:30:03.579943,Z,AAPL,172.76,1,173.26,3,0,R
2479,2018-01-04,09:30:03.588417,Z,AAPL,172.76,1,172.99,1,0,R
2480,2018-01-04,09:30:03.604947,Q,AAPL,172.81,1,172.88,5,2,R
2481,2018-01-04,09:30:03.604951,Q,AAPL,172.77,1,172.88,5,0,R
2482,2018-01-04,09:30:03.605423,Y,AAPL,172.25,1,173.3,1,0,R
2483,2018-01-04,09:30:03.605458,J,AAPL,172.25,1,173.3,1,0,R
2484,2018-01-04,09:30:03.605465,Z,AAPL,172.76,1,172.99,1,0,R
2485,2018-01-04,09:30:03.605476,K,AAPL,172.81,1,173.0,15,0,R
2486,2018-01-04,09:30:03.605543,Q,AAPL,172.77,1,172.82,1,2,R
2487,2018-01-04,09:30:03.605696,P,AAPL,172.81,1,172.88,1,0,R
2488,2018-01-04,09:30:03.606002,Q,AAPL,172.77,1,172.88,5,2,R
2489,2018-01-04,09:30:03.606526,Y,AAPL,172.82,1,173.3,1,2,R
2490,2018-01-04,09:30:03.606963,Y,AAPL,172.82,1,173.3,1,0,R
2491,2018-01-04,09:30:03.607234,Y,AAPL,172.82,2,173.3,1,2,R
2492,2018-01-04,09:30:03.607278,Z,AAPL,172.76,1,172.99,1,0,R
2493,2018-01-04,09:30:03.607290,J,AAPL,172.25,1,173.3,1,0,R
2494,2018-01-04,09:30:03.607338,K,AAPL,172.81,1,173.0,15,0,R
2495,2018-01-04,09:30:03.608760,Z,AAPL,172.76,1,172.99,1,0,R
2496,2018-01-04,09:30:03.628103,Q,AAPL,172.78,1,172.88,5,0,R
2497,2018-01-04,09:30:03.629633,Q,AAPL,172.79,1,172.88,5,0,R
2498,2018-01-04,09:30:03.730719,Q,AAPL,172.79,1,172.88,6,2,R
2499,2018-01-04,09:30:03.824625,Y,AAPL,172.82,1,173.3,1,2,R
2500,2018-01-04,09:30:03.824636,Y,AAPL,172.25,1,173.3,1,2,R
2501,2018-01-04,09:30:03.825073,P,AAPL,172.81,1,172.92,1,0,R
2502,2018-01-04,09:30:03.826151,Y,AAPL,172.81,1,173.3,1,0,R
2503,2018-01-04,09:30:03.889385,Z,AAPL,172.82,1,172.99,1,2,R
2504,2018-01-04,09:30:03.889409,K,AAPL,172.82,1,173.0,15,0,R
2505,2018-01-04,09:30:03.889457,Y,AAPL,172.82,1,173.3,1,0,R
2506,2018-01-04,09:30:03.971717,Q,AAPL,172.82,1,172.88,6,0,R
2507,2018-01-04,09:30:03.973001,J,AAPL,172.82,1,173.3,1,0,R
2508,2018-01-04,09:30:03.973353,Z,AAPL,172.82,3,172.99,1,2,R
2509,2018-01-04,09:30:03.973579,Y,AAPL,172.82,3,173.3,1,0,R
2510,2018-01-04,09:30:04.120383,B,AAPL,172.25,1,172.88,1,0,R
2511,2018-01-04,09:30:04.126289,Q,AAPL,172.82,1,172.88,5,2,R
2512,2018-01-04,09:30:04.230981,P,AAPL,172.77,1,172.92,1,0,R
2513,2018-01-04,09:30:04.593321,Z,AAPL,172.82,2,172.99,1,2,R
2514,2018-01-04,09:30:04.593328,Z,AAPL,172.77,1,172.99,1,0,R
2515,2018-01-04,09:30:04.593339,K,AAPL,172.8,1,173.0,15,0,R
2516,2018-01-04,09:30:04.593368,J,AAPL,172.25,1,173.3,1,0,R
2517,2018-01-04,09:30:04.593451,Y,AAPL,172.82,3,172.91,1,0,R
2518,2018-01-04,09:30:04.593456,J,AAPL,172.25,1,172.91,1,0,R
2519,2018-01-04,09:30:04.593471,Y,AAPL,172.82,2,172.91,1,2,R
2520,2018-01-04,09:30:04.593472,Z,AAPL,172.77,1,172.91,1,0,R
2521,2018-01-04,09:30:04.593477,Y,AAPL,172.82,1,172.91,1,2,R
2522,2018-01-04,09:30:04.593483,K,AAPL,172.8,1,172.91,1,0,R
2523,2018-01-04,09:30:04.593513,Z,AAPL,172.8,1,172.91,1,0,R
2524,2018-01-04,09:30:04.593743,P,AAPL,172.77,1,172.91,1,0,R
2525,2018-01-04,09:30:04.593773,P,AAPL,172.77,1,172.88,2,0,R
2526,2018-01-04,09:30:04.593825,P,AAPL,172.81,2,172.88,2,0,R
2527,2018-01-04,09:30:04.593845,K,AAPL,172.79,2,172.91,1,0,R
2528,2018-01-04,09:30:04.593875,P,AAPL,172.77,1,172.88,2,0,R
2529,2018-01-04,09:30:04.594280,K,AAPL,172.79,1,172.91,1,0,R
2530,2018-01-04,09:30:04.594476,K,AAPL,172.79,1,172.9,1,0,R
2531,2018-01-04,09:30:04.595052,Q,AAPL,172.82,2,172.88,5,4,R
2532,2018-01-04,09:30:04.602573,Q,AAPL,172.82,2,172.88,4,4,R
2533,2018-01-04,09:30:04.604897,V,AAPL,172.82,1,173.3,1,0,R
2534,2018-01-04,09:30:04.605084,Q,AAPL,172.82,1,172.88,4,2,R
2535,2018-01-04,09:30:04.605086,Q,AAPL,172.8,1,172.88,4,0,R
2536,2018-01-04,09:30:04.605568,Y,AAPL,172.25,1,172.91,1,2,R
2537,2018-01-04,09:30:04.608648,Q,AAPL,172.8,1,172.88,5,2,R
2538,2018-01-04,09:30:04.615069,V,AAPL,172.69,1,173.3,1,2,R
2539,2018-01-04,09:30:04.623421,Y,AAPL,172.25,1,173.3,1,0,R
2540,2018-01-04,09:30:04.623426,Z,AAPL,172.8,1,172.99,1,2,R
2541,2018-01-04,09:30:04.623433,J,AAPL,172.25,1,173.3,1,0,R
2542,2018-01-04,09:30:04.631310,B,AAPL,172.8,1,172.88,1,0,R
2543,2018-01-04,09:30:04.640680,B,AAPL,172.8,1,172.88,1,0,R
2544,2018-01-04,09:30:04.653845,Y,AAPL,172.25,1,173.3,1,0,R
2545,2018-01-04,09:30:04.691163,B,AAPL,172.8,1,172.88,1,0,R
2546,2018-01-04,09:30:04.691698,Y,AAPL,172.25,1,173.3,1,0,R
2547,2018-01-04,09:30:04.715261,B,AAPL,172.8,1,172.88,1,0,R
2548,2018-01-04,09:30:04.727922,Y,AAPL,172.25,1,173.3,1,0,R
2549,2018-01-04,09:30:04.738860,B,AAPL,172.8,1,172.88,1,0,R
2550,2018-01-04,09:30:04.756923,B,AAPL,172.8,1,172.88,1,0,R
2551,2018-01-04,09:30:04.757337,Y,AAPL,172.25,1,173.3,1,0,R
2552,2018-01-04,09:30:04.763663,Y,AAPL,172.25,1,173.3,1,0,R
2553,2018-01-04,09:30:04.851330,B,AAPL,172.8,1,172.88,1,0,R
2554,2018-01-04,09:30:04.862730,Y,AAPL,172.25,1,173.3,1,0,R
2555,2018-01-04,09:30:05.003885,P,AAPL,172.77,1,172.92,1,0,R
2556,2018-01-04,09:30:05.056030,P,AAPL,172.77,1,172.88,1,0,R
2557,2018-01-04,09:30:05.200942,P,AAPL,172.77,1,172.92,1,0,R
2558,2018-01-04,09:30:05.201010,P,AAPL,172.75,1,172.92,1,0,R
2559,2018-01-04,09:30:05.207409,B,AAPL,172.8,1,172.88,1,0,R
2560,2018-01-04,09:30:05.208141,Y,AAPL,172.25,1,173.3,1,0,R
2561,2018-01-04,09:30:05.210242,B,AAPL,172.25,1,172.88,1,0,R
2562,2018-01-04,09:30:05.212315,Y,AAPL,172.8,1,173.3,1,0,R
2563,2018-01-04,09:30:05.214052,B,AAPL,172.25,1,172.88,1,0,R
2564,2018-01-04,09:30:05.214881,Y,AAPL,172.8,1,173.3,1,0,R
2565,2018-01-04,09:30:05.217196,Q,AAPL,172.8,2,172.88,5,4,R
2566,2018-01-04,09:30:05.217805,K,AAPL,172.79,2,172.9,1,0,R
2567,2018-01-04,09:30:05.299215,B,AAPL,172.25,1,172.88,1,0,R
2568,2018-01-04,09:30:05.311778,Y,AAPL,172.8,1,173.3,1,0,R
2569,2018-01-04,09:30:05.318343,B,AAPL,172.25,1,172.88,1,0,R
2570,2018-01-04,09:30:05.331158,Y,AAPL,172.8,1,173.3,1,0,R
2571,2018-01-04,09:30:05.394781,K,AAPL,172.79,2,173.0,15,0,R
2572,2018-01-04,09:30:05.401298,K,AAPL,172.79,2,172.9,1,0,R
2573,2018-01-04,09:30:05.535159,B,AAPL,172.8,3,172.88,1,2,R
2574,2018-01-04,09:30:05.535906,P,AAPL,172.77,1,172.92,1,0,R
2575,2018-01-04,09:30:06.085004,K,AAPL,172.79,2,172.9,2,0,R
2576,2018-01-04,09:30:06.138836,Q,AAPL,172.8,2,172.88,6,2,R
2577,2018-01-04,09:30:06.141628,K,AAPL,172.79,1,172.9,2,0,R
2578,2018-01-04,09:30:06.785621,Z,AAPL,172.8,1,172.88,1,0,R
2579,2018-01-04,09:30:06.868340,P,AAPL,172.77,1,172.92,1,0,R
2580,2018-01-04,09:30:06.868352,P,AAPL,172.77,1,172.92,1,0,R
2581,2018-01-04,09:30:07.109418,B,AAPL,172.8,3,172.88,1,0,R
2582,2018-01-04,09:30:07.109958,Y,AAPL,172.8,1,173.3,1,0,R
2583,2018-01-04,09:30:07.110318,P,AAPL,172.77,1,172.92,1,0,R
2584,2018-01-04,09:30:07.113600,Q,AAPL,172.8,2,172.88,5,2,R
2585,2018-01-04,09:30:07.242231,B,AAPL,172.8,3,172.88,1,0,R
2586,2018-01-04,09:30:07.256603,Y,AAPL,172.8,1,173.3,1,0,R
2587,2018-01-04,09:30:07.262868,P,AAPL,172.77,1,172.92,1,0,R
2588,2018-01-04,09:30:07.274800,B,AAPL,172.8,3,173.3,1,0,R
2589,2018-01-04,09:30:07.274948,B,AAPL,172.8,3,173.3,1,0,R
2590,2018-01-04,09:30:07.275523,Y,AAPL,172.8,1,173.3,1,0,R
2591,2018-01-04,09:30:07.275885,P,AAPL,172.77,1,172.92,1,0,R
2592,2018-01-04,09:30:07.383125,A,AAPL,172.56,1,173.9,5,0,R
2593,2018-01-04,09:30:07.383189,A,AAPL,172.56,1,173.12,1,0,R
2594,2018-01-04,09:30:07.391778,P,AAPL,172.77,1,172.88,1,0,R
2595,2018-01-04,09:30:07.391853,P,AAPL,172.77,1,172.88,2,0,R
2596,2018-01-04,09:30:07.456852,Q,AAPL,172.8,2,172.88,4,2,R
2597,2018-01-04,09:30:07.456855,Q,AAPL,172.8,2,172.88,3,2,R
2598,2018-01-04,09:30:07.456858,Q,AAPL,172.8,2,172.88,2,2,R
2599,2018-01-04,09:30:07.456859,Q,AAPL,172.8,2,172.88,1,2,R
2600,2018-01-04,09:30:07.456865,Q,AAPL,172.8,2,172.9,30,0,R
2601,2018-01-04,09:30:07.456958,Z,AAPL,172.8,1,172.99,1,0,R
2602,2018-01-04,09:30:07.457069,Y,AAPL,172.8,1,173.3,1,0,R
2603,2018-01-04,09:30:07.457077,K,AAPL,172.79,1,172.9,2,0,R
2604,2018-01-04,09:30:07.457191,Y,AAPL,172.8,1,173.3,1,0,R
2605,2018-01-04,09:30:07.457195,Z,AAPL,172.8,1,172.99,1,0,R
2606,2018-01-04,09:30:07.457210,P,AAPL,172.77,1,172.92,1,2,R
2607,2018-01-04,09:30:07.457220,J,AAPL,172.25,1,173.3,1,0,R
2608,2018-01-04,09:30:07.457230,K,AAPL,172.79,1,172.9,2,0,R
2609,2018-01-04,09:30:07.457231,B,AAPL,172.8,3,173.3,1,0,R
2610,2018-01-04,09:30:07.457722,P,AAPL,172.77,1,172.92,1,0,R
2611,2018-01-04,09:30:07.457799,K,AAPL,172.78,1,172.9,2,0,R
2612,2018-01-04,09:30:07.457935,K,AAPL,172.75,1,172.9,2,0,R
2613,2018-01-04,09:30:07.458102,P,AAPL,172.77,1,172.92,1,0,R
2614,2018-01-04,09:30:07.458865,Z,AAPL,172.8,1,172.99,1,0,R
2615,2018-01-04,09:30:07.459110,K,AAPL,172.75,2,172.9,2,0,R
2616,2018-01-04,09:30:07.459212,K,AAPL,172.75,3,172.9,2,0,R
2617,2018-01-04,09:30:07.459527,Z,AAPL,172.8,1,172.98,1,0,R
2618,2018-01-04,09:30:07.459595,Y,AAPL,172.8,1,173.3,1,0,R
2619,2018-01-04,09:30:07.459604,K,AAPL,172.75,3,172.9,2,0,R
2620,2018-01-04,09:30:07.459623,Z,AAPL,172.8,1,172.98,2,0,R
2621,2018-01-04,09:30:07.462272,Z,AAPL,172.8,1,172.98,1,0,R
2622,2018-01-04,09:30:07.462369,Z,AAPL,172.8,1,172.99,1,0,R
2623,2018-01-04,09:30:07.463713,Q,AAPL,172.8,2,172.9,29,2,R
2624,2018-01-04,09:30:07.463716,Q,AAPL,172.8,2,172.9,28,2,R
2625,2018-01-04,09:30:07.463716,Q,AAPL,172.8,2,172.9,23,2,R
2626,2018-01-04,09:30:07.463718,Q,AAPL,172.8,2,172.9,22,2,R
2627,2018-01-04,09:30:07.463724,Q,AAPL,172.8,2,172.9,10,2,R
2628,2018-01-04,09:30:07.463731,Q,AAPL,172.8,2,172.9,6,2,R
2629,2018-01-04,09:30:07.463731,Q,AAPL,172.8,2,172.9,1,2,R
2630,2018-01-04,09:30:07.463731,Q,AAPL,172.8,2,172.92,31,0,R
2631,2018-01-04,09:30:07.463817,K,AAPL,172.75,3,172.9,1,2,R
2632,2018-01-04,09:30:07.463828,K,AAPL,172.75,3,173.0,15,2,R
2633,2018-01-04,09:30:07.463924,Z,AAPL,172.8,1,172.99,1,0,R
2634,2018-01-04,09:30:07.464129,K,AAPL,172.78,1,173.0,15,0,R
2635,2018-01-04,09:30:07.464507,Q,AAPL,172.8,1,172.92,31,0,R
2636,2018-01-04,09:30:07.464546,Z,AAPL,172.78,2,172.99,1,0,R
2637,2018-01-04,09:30:07.464768,P,AAPL,172.77,1,172.92,1,0,R
2638,2018-01-04,09:30:07.464906,P,AAPL,172.77,1,172.92,1,0,R
2639,2018-01-04,09:30:07.465147,B,AAPL,172.8,3,173.3,1,0,R
2640,2018-01-04,09:30:07.465306,P,AAPL,172.78,1,172.92,1,0,R
2641,2018-01-04,09:30:07.465445,P,AAPL,172.78,2,172.92,1,0,R
2642,2018-01-04,09:30:07.465564,Z,AAPL,172.78,2,172.99,1,0,R
2643,2018-01-04,09:30:07.487172,Z,AAPL,172.78,2,172.99,1,0,R
2644,2018-01-04,09:30:07.487179,Y,AAPL,172.8,1,173.3,1,0,R
2645,2018-01-04,09:30:07.487185,J,AAPL,172.25,1,173.3,1,0,R
2646,2018-01-04,09:30:07.487192,K,AAPL,172.78,1,173.0,15,0,R
2647,2018-01-04,09:30:07.487268,Z,AAPL,172.78,2,172.99,1,0,R
2648,2018-01-04,09:30:07.488759,P,AAPL,172.78,1,172.92,1,0,R
2649,2018-01-04,09:30:07.488822,P,AAPL,172.77,1,172.92,1,0,R
2650,2018-01-04,09:30:07.588432,B,AAPL,172.8,3,173.3,1,0,R
2651,2018-01-04,09:30:07.588435,K,AAPL,172.78,1,172.99,1,0,R
2652,2018-01-04,09:30:07.592547,Q,AAPL,172.8,1,172.92,29,2,R
2653,2018-01-04,09:30:07.592664,B,AAPL,172.8,3,173.3,1,0,R
2654,2018-01-04,09:30:07.661668,Q,AAPL,172.88,10,172.92,29,4,R
2655,2018-01-04,09:30:07.661706,X,AAPL,165.0,30,172.95,10,0,R
2656,2018-01-04,09:30:07.661748,X,AAPL,172.71,5,172.95,10,0,R
2657,2018-01-04,09:30:07.661782,B,AAPL,172.8,3,173.3,1,0,R
2658,2018-01-04,09:30:07.662050,Y,AAPL,172.88,1,173.3,1,0,R
2659,2018-01-04,09:30:07.662173,Q,AAPL,172.88,11,172.92,29,4,R
2660,2018-01-04,09:30:07.662458,P,AAPL,172.77,1,172.92,1,0,R
2661,2018-01-04,09:30:07.664500,Z,AAPL,172.79,1,172.99,1,0,R
2662,2018-01-04,09:30:07.664591,Z,AAPL,172.79,2,172.99,1,0,R
2663,2018-01-04,09:30:07.669175,K,AAPL,172.81,1,172.99,1,0,R
2664,2018-01-04,09:30:07.733794,Y,AAPL,172.88,1,173.1,1,0,R
2665,2018-01-04,09:30:07.733802,J,AAPL,172.25,1,173.14,1,0,R
2666,2018-01-04,09:30:07.733837,Z,AAPL,172.79,1,172.99,1,0,R
2667,2018-01-04,09:30:07.733889,Y,AAPL,172.88,1,173.1,2,0,R
2668,2018-01-04,09:30:07.734040,Z,AAPL,172.78,2,172.99,1,0,R
2669,2018-01-04,09:30:07.742827,Z,AAPL,172.77,1,172.99,1,0,R
2670,2018-01-04,09:30:07.806542,Z,AAPL,172.8,1,172.99,1,0,R
2671,2018-01-04,09:30:07.806637,Z,AAPL,172.8,2,172.99,1,0,R
2672,2018-01-04,09:30:07.807153,X,AAPL,172.8,1,172.95,10,0,R
2673,2018-01-04,09:30:07.807340,B,AAPL,172.8,3,173.26,1,0,R
2674,2018-01-04,09:30:07.807391,B,AAPL,172.8,3,173.26,2,0,R
2675,2018-01-04,09:30:07.807647,M,AAPL,0.0,0,173.16,1,0,Y
2676,2018-01-04,09:30:07.892781,Q,AAPL,172.88,11,172.92,27,4,R
2677,2018-01-04,09:30:07.893152,P,AAPL,172.77,1,172.98,1,0,R
2678,2018-01-04,09:30:07.893164,K,AAPL,172.81,1,173.0,15,0,R
2679,2018-01-04,09:30:07.893177,Z,AAPL,172.81,1,172.99,1,0,R
2680,2018-01-04,09:30:07.893193,Z,AAPL,172.81,1,173.0,5,0,R
2681,2018-01-04,09:30:07.893226,P,AAPL,172.77,1,172.99,5,0,R
2682,2018-01-04,09:30:07.893239,P,AAPL,172.82,1,172.99,5,0,R
2683,2018-01-04,09:30:07.893277,Z,AAPL,172.81,2,173.0,5,0,R
2684,2018-01-04,09:30:07.893315,P,AAPL,172.82,2,172.99,5,0,R
2685,2018-01-04,09:30:07.948853,J,AAPL,172.66,1,173.14,1,0,R
2686,2018-01-04,09:30:08.009217,M,AAPL,172.64,1,173.16,1,0,R
2687,2018-01-04,09:30:08.067857,P,AAPL,172.82,2,172.92,1,0,R
2688,2018-01-04,09:30:08.070808,K,AAPL,172.83,1,173.0,15,0,R
2689,2018-01-04,09:30:08.072007,B,AAPL,172.54,1,173.26,2,0,R
2690,2018-01-04,09:30:08.110566,Q,AAPL,172.88,11,172.92,28,4,R
2691,2018-01-04,09:30:08.110641,Q,AAPL,172.88,11,172.92,29,4,R
2692,2018-01-04,09:30:08.110668,Q,AAPL,172.88,11,172.92,28,4,R
2693,2018-01-04,09:30:08.138066,P,AAPL,172.82,3,172.92,1,0,R
2694,2018-01-04,09:30:08.139025,X,AAPL,172.82,3,172.95,10,0,R
2695,2018-01-04,09:30:08.173915,Q,AAPL,172.88,6,172.92,28,4,R
2696,2018-01-04,09:30:08.173963,Y,AAPL,172.83,1,173.1,2,0,R
2697,2018-01-04,09:30:08.176509,V,AAPL,172.88,1,173.3,1,0,R
2698,2018-01-04,09:30:08.184704,Q,AAPL,172.88,6,172.92,27,4,R
2699,2018-01-04,09:30:08.185187,P,AAPL,172.82,3,172.93,1,0,R
2700,2018-01-04,09:30:08.185264,P,AAPL,172.82,3,172.99,5,0,R
2701,2018-01-04,09:30:08.220479,K,AAPL,172.86,2,173.0,15,0,R
2702,2018-01-04,09:30:08.278477,Z,AAPL,172.81,2,172.92,1,0,R
2703,2018-01-04,09:30:08.278522,X,AAPL,172.82,3,172.93,1,0,R
2704,2018-01-04,09:30:08.288502,Q,AAPL,172.88,6,172.92,26,4,R
2705,2018-01-04,09:30:08.632989,B,AAPL,172.88,1,173.26,2,0,R
2706,2018-01-04,09:30:08.742933,B,AAPL,172.54,1,173.26,2,0,R
2707,2018-01-04,09:30:08.786632,B,AAPL,172.88,1,173.26,2,0,R
2708,2018-01-04,09:30:08.805410,Q,AAPL,172.88,6,172.92,25,4,R
2709,2018-01-04,09:30:08.846591,Q,AAPL,172.88,6,172.92,20,4,R
2710,2018-01-04,09:30:08.846672,Z,AAPL,172.81,2,173.0,5,0,R
2711,2018-01-04,09:30:08.849461,X,AAPL,172.82,3,172.95,10,0,R
2712,2018-01-04,09:30:08.849832,Q,AAPL,172.88,6,172.92,2,4,R
2713,2018-01-04,09:30:08.849835,Q,AAPL,172.88,6,172.92,1,4,R
2714,2018-01-04,09:30:08.849838,Q,AAPL,172.88,6,172.93,6,4,R
2715,2018-01-04,09:30:08.849888,Q,AAPL,172.88,6,172.92,1,4,R
2716,2018-01-04,09:30:08.849923,B,AAPL,172.54,1,173.26,2,0,R
2717,2018-01-04,09:30:08.849968,B,AAPL,172.88,1,173.26,2,0,R
2718,2018-01-04,09:30:08.850185,Y,AAPL,172.83,1,173.1,2,0,R
2719,2018-01-04,09:30:08.850187,J,AAPL,172.66,1,173.14,1,0,R
2720,2018-01-04,09:30:08.850189,Z,AAPL,172.81,2,173.0,5,0,R
2721,2018-01-04,09:30:08.850192,Y,AAPL,172.83,1,173.1,2,0,R
2722,2018-01-04,09:30:08.850196,Z,AAPL,172.81,2,173.0,5,0,R
2723,2018-01-04,09:30:08.850199,J,AAPL,172.66,1,173.14,1,0,R
2724,2018-01-04,09:30:08.850202,K,AAPL,172.86,2,173.0,15,0,R
2725,2018-01-04,09:30:08.850219,K,AAPL,172.86,2,173.0,15,0,R
2726,2018-01-04,09:30:08.850248,B,AAPL,172.54,1,173.26,2,0,R
2727,2018-01-04,09:30:08.850403,Q,AAPL,172.88,6,172.93,6,4,R
2728,2018-01-04,09:30:08.850719,Y,AAPL,172.83,1,173.1,2,0,R
2729,2018-01-04,09:30:08.850720,Z,AAPL,172.81,2,173.0,5,0,R
2730,2018-01-04,09:30:08.850744,K,AAPL,172.86,2,173.0,15,0,R
2731,2018-01-04,09:30:08.850748,J,AAPL,172.66,1,173.14,1,0,R
2732,2018-01-04,09:30:08.850771,V,AAPL,172.88,1,173.81,1,0,R
2733,2018-01-04,09:30:08.857602,Q,AAPL,172.88,6,172.93,5,4,R
2734,2018-01-04,09:30:08.857606,Q,AAPL,172.88,6,172.93,4,4,R
2735,2018-01-04,09:30:08.861321,K,AAPL,172.86,2,172.94,2,0,R
2736,2018-01-04,09:30:08.870308,Q,AAPL,172.88,6,172.93,3,4,R
2737,2018-01-04,09:30:08.870845,Q,AAPL,172.88,6,172.93,2,4,R
2738,2018-01-04,09:30:08.880708,Z,AAPL,172.81,2,173.0,5,0,R
2739,2018-01-04,09:30:08.880710,Y,AAPL,172.83,1,173.1,2,0,R
2740,2018-01-04,09:30:08.880722,K,AAPL,172.86,2,172.94,2,0,R
2741,2018-01-04,09:30:08.880724,J,AAPL,172.66,1,173.14,1,0,R
2742,2018-01-04,09:30:09.036131,Z,AAPL,172.81,2,173.04,1,0,R
2743,2018-01-04,09:30:09.167015,Z,AAPL,172.81,2,173.03,5,0,R
2744,2018-01-04,09:30:09.167118,Z,AAPL,172.81,2,173.03,6,0,R
2745,2018-01-04,09:30:09.228814,Q,AAPL,172.88,6,172.93,1,4,R
2746,2018-01-04,09:30:09.228914,Q,AAPL,172.88,6,172.94,32,4,R
2747,2018-01-04,09:30:09.229240,Z,AAPL,172.81,2,173.03,6,0,R
2748,2018-01-04,09:30:09.229251,Y,AAPL,172.83,1,173.1,2,0,R
2749,2018-01-04,09:30:09.229272,K,AAPL,172.86,2,172.94,2,0,R
2750,2018-01-04,09:30:09.229274,J,AAPL,172.66,1,173.14,1,0,R
2751,2018-01-04,09:30:09.229796,Z,AAPL,172.81,2,173.02,1,0,R
2752,2018-01-04,09:30:09.229894,Z,AAPL,172.81,2,173.02,2,0,R
2753,2018-01-04,09:30:09.230554,Z,AAPL,172.81,2,173.02,1,0,R
2754,2018-01-04,09:30:09.230628,Z,AAPL,172.81,2,173.03,6,0,R
2755,2018-01-04,09:30:09.259003,Q,AAPL,172.88,6,172.94,31,4,R
2756,2018-01-04,09:30:09.259226,Y,AAPL,172.83,1,173.1,2,0,R
2757,2018-01-04,09:30:09.259227,Z,AAPL,172.81,2,173.03,6,0,R
2758,2018-01-04,09:30:09.259243,J,AAPL,172.66,1,173.14,1,0,R
2759,2018-01-04,09:30:09.259246,K,AAPL,172.86,2,172.94,2,0,R
2760,2018-01-04,09:30:09.634361,Q,AAPL,172.88,6,172.94,26,4,R
2761,2018-01-04,09:30:09.653284,K,AAPL,172.86,1,172.94,2,0,R
2762,2018-01-04,09:30:09.653442,K,AAPL,172.85,2,172.94,2,0,R
2763,2018-01-04,09:30:09.653557,K,AAPL,172.85,1,172.94,2,0,R
2764,2018-01-04,09:30:09.656468,Z,AAPL,172.84,1,173.03,6,0,R
2765,2018-01-04,09:30:09.656572,Z,AAPL,172.84,2,173.03,6,0,R
2766,2018-01-04,09:30:09.656612,Z,AAPL,172.85,1,173.03,6,0,R
2767,2018-01-04,09:30:09.656695,Z,AAPL,172.85,2,173.03,6,0,R
2768,2018-01-04,09:30:09.657571,P,AAPL,172.83,1,172.99,5,0,R
2769,2018-01-04,09:30:09.657596,Z,AAPL,172.85,1,173.03,6,0,R
2770,2018-01-04,09:30:09.661755,K,AAPL,172.85,1,173.0,15,0,R
2771,2018-01-04,09:30:09.662725,Z,AAPL,172.85,1,172.94,1,0,R
2772,2018-01-04,09:30:09.662814,Z,AAPL,172.85,1,172.94,2,0,R
2773,2018-01-04,09:30:09.665999,K,AAPL,172.85,1,172.95,1,0,R
2774,2018-01-04,09:30:09.741125,Q,AAPL,172.88,7,172.94,26,4,R
2775,2018-01-04,09:30:10.128238,Q,AAPL,172.88,7,172.94,27,4,R
2776,2018-01-04,09:30:10.128407,K,AAPL,172.85,1,172.95,2,0,R
2777,2018-01-04,09:30:10.128854,P,AAPL,172.83,1,172.98,1,0,R
2778,2018-01-04,09:30:10.404736,Q,AAPL,172.89,1,172.94,27,4,R
2779,2018-01-04,09:30:10.404770,Q,AAPL,172.89,2,172.94,27,4,R
2780,2018-01-04,09:30:10.405049,Z,AAPL,172.85,1,172.94,1,0,R
2781,2018-01-04,09:30:10.507204,X,AAPL,172.8,1,172.95,10,0,R
2782,2018-01-04,09:30:10.547832,Z,AAPL,172.89,1,172.94,1,0,R
2783,2018-01-04,09:30:10.547930,Z,AAPL,172.89,2,172.94,1,0,R
2784,2018-01-04,09:30:10.547956,Q,AAPL,172.89,3,172.94,27,4,R
2785,2018-01-04,09:30:10.572265,P,AAPL,172.88,1,172.98,1,0,R
2786,2018-01-04,09:30:10.574229,X,AAPL,172.88,1,172.95,10,0,R
2787,2018-01-04,09:30:10.651099,Q,AAPL,172.89,2,172.94,27,2,R
2788,2018-01-04,09:30:10.651296,Z,AAPL,172.89,1,172.94,1,2,R
2789,2018-01-04,09:30:10.665404,P,AAPL,172.88,2,172.98,1,0,R
2790,2018-01-04,09:30:11.052800,P,AAPL,172.88,2,172.94,1,0,R
2791,2018-01-04,09:30:11.052895,P,AAPL,172.88,2,172.94,2,0,R
2792,2018-01-04,09:30:11.052914,P,AAPL,172.88,2,172.94,1,0,R
2793,2018-01-04,09:30:11.092267,P,AAPL,172.88,2,172.98,1,0,R
2794,2018-01-04,09:30:11.124218,Q,AAPL,172.89,3,172.94,27,4,R
2795,2018-01-04,09:30:11.285307,B,AAPL,172.54,1,172.94,1,0,R
2796,2018-01-04,09:30:11.501086,Q,AAPL,172.89,2,172.94,27,4,R
2797,2018-01-04,09:30:11.501163,Q,AAPL,172.89,1,172.94,27,2,R
2798,2018-01-04,09:30:11.501166,Q,AAPL,172.88,6,172.94,27,0,R
2799,2018-01-04,09:30:11.501249,B,AAPL,172.54,1,173.26,2,0,R
2800,2018-01-04,09:30:11.501482,Z,AAPL,172.88,6,172.94,1,2,R
2801,2018-01-04,09:30:11.501509,Z,AAPL,172.88,6,172.94,1,0,R
2802,2018-01-04,09:30:11.501512,Y,AAPL,172.83,1,173.1,2,0,R
2803,2018-01-04,09:30:11.501518,J,AAPL,172.66,1,173.14,1,0,R
2804,2018-01-04,09:30:11.501524,K,AAPL,172.85,1,172.95,2,0,R
2805,2018-01-04,09:30:11.501581,Z,AAPL,172.88,6,172.94,1,0,R
2806,2018-01-04,09:30:11.501594,J,AAPL,172.66,1,173.14,1,0,R
2807,2018-01-04,09:30:11.501894,P,AAPL,172.88,2,172.94,1,0,R
2808,2018-01-04,09:30:11.502621,Z,AAPL,172.88,6,172.94,1,0,R
2809,2018-01-04,09:30:11.502691,Y,AAPL,172.83,1,173.1,2,0,R
2810,2018-01-04,09:30:11.502697,J,AAPL,172.66,1,173.14,1,0,R
2811,2018-01-04,09:30:11.502698,Z,AAPL,172.88,6,172.94,1,0,R
2812,2018-01-04,09:30:11.502703,K,AAPL,172.85,1,172.95,2,0,R
2813,2018-01-04,09:30:11.502710,J,AAPL,172.66,1,173.14,1,0,R
2814,2018-01-04,09:30:11.502723,Z,AAPL,172.88,6,172.94,1,0,R
2815,2018-01-04,09:30:11.502773,B,AAPL,172.54,1,172.94,1,0,R
2816,2018-01-04,09:30:11.505086,P,AAPL,172.88,3,172.94,1,0,R
2817,2018-01-04,09:30:11.690877,B,AAPL,172.54,1,173.26,2,0,R
2818,2018-01-04,09:30:11.690969,B,AAPL,172.54,1,172.94,1,0,R
2819,2018-01-04,09:30:11.977444,B,AAPL,172.54,1,173.26,2,0,R
2820,2018-01-04,09:30:11.984362,Q,AAPL,172.88,6,172.94,2,4,R
2821,2018-01-04,09:30:11.984364,Q,AAPL,172.88,6,172.94,1,4,R
2822,2018-01-04,09:30:11.984368,Q,AAPL,172.88,6,172.96,3,2,R
2823,2018-01-04,09:30:11.984375,Z,AAPL,172.88,6,173.03,1,2,R
2824,2018-01-04,09:30:11.984451,X,AAPL,172.88,1,172.95,6,0,R
2825,2018-01-04,09:30:11.984452,X,AAPL,172.88,1,172.95,5,0,R
2826,2018-01-04,09:30:11.984713,P,AAPL,172.88,3,172.98,1,2,R
2827,2018-01-04,09:30:11.984876,K,AAPL,172.85,1,172.95,1,0,R
2828,2018-01-04,09:30:11.984886,K,AAPL,172.85,1,173.0,15,0,R
2829,2018-01-04,09:30:11.984930,Q,AAPL,172.88,7,172.96,3,2,R
2830,2018-01-04,09:30:11.984993,Y,AAPL,172.9,1,173.1,2,2,R
2831,2018-01-04,09:30:11.985085,Y,AAPL,172.9,2,173.1,2,2,R
2832,2018-01-04,09:30:11.985484,P,AAPL,172.9,1,172.98,1,0,R
2833,2018-01-04,09:30:11.985566,P,AAPL,172.9,2,172.98,1,0,R
2834,2018-01-04,09:30:11.985806,P,AAPL,172.9,2,172.98,1,0,R
2835,2018-01-04,09:30:11.986204,X,AAPL,172.88,1,173.16,3,2,R
2836,2018-01-04,09:30:11.988706,Q,AAPL,172.88,7,172.96,1,2,R
2837,2018-01-04,09:30:11.992429,K,AAPL,172.85,1,173.0,16,0,R
2838,2018-01-04,09:30:11.992552,K,AAPL,172.85,1,173.0,17,0,R
2839,2018-01-04,09:30:11.992569,K,AAPL,172.85,1,173.0,16,0,R
2840,2018-01-04,09:30:11.992820,K,AAPL,172.85,1,172.98,2,0,R
2841,2018-01-04,09:30:11.992892,Y,AAPL,172.9,1,173.1,2,2,R
2842,2018-01-04,09:30:11.992965,Y,AAPL,172.83,1,173.1,2,0,R
2843,2018-01-04,09:30:11.993190,Q,AAPL,172.9,1,172.96,1,0,R
2844,2018-01-04,09:30:11.993229,Q,AAPL,172.9,2,172.96,1,0,R
2845,2018-01-04,09:30:11.993255,Q,AAPL,172.9,1,172.96,1,0,R
2846,2018-01-04,09:30:11.993354,P,AAPL,172.9,1,172.98,1,2,R
2847,2018-01-04,09:30:11.993452,P,AAPL,172.88,3,172.98,1,2,R
2848,2018-01-04,09:30:11.993523,Z,AAPL,172.9,1,173.03,1,0,R
2849,2018-01-04,09:30:11.993541,K,AAPL,172.9,1,172.98,2,0,R
2850,2018-01-04,09:30:11.993570,P,AAPL,172.88,3,172.98,1,0,R
2851,2018-01-04,09:30:11.993611,Z,AAPL,172.9,1,173.03,1,0,R
2852,2018-01-04,09:30:11.993660,Z,AAPL,172.88,6,173.03,1,0,R
2853,2018-01-04,09:30:11.993675,K,AAPL,172.85,1,172.98,2,0,R
2854,2018-01-04,09:30:11.993761,P,AAPL,172.88,3,172.98,1,0,R
2855,2018-01-04,09:30:11.993820,Q,AAPL,172.88,6,172.96,1,2,R
2856,2018-01-04,09:30:11.993987,P,AAPL,172.9,1,172.98,1,2,R
2857,2018-01-04,09:30:11.994337,P,AAPL,172.9,1,172.98,1,0,R
2858,2018-01-04,09:30:11.994619,P,AAPL,172.88,3,172.98,1,2,R
2859,2018-01-04,09:30:11.994762,P,AAPL,172.88,3,172.98,1,0,R
2860,2018-01-04,09:30:11.994926,P,AAPL,172.88,3,172.98,1,0,R
2861,2018-01-04,09:30:11.999717,Q,AAPL,172.88,6,172.98,30,2,R
2862,2018-01-04,09:30:12.004813,Q,AAPL,172.88,7,172.98,30,4,R
2863,2018-01-04,09:30:12.005098,K,AAPL,172.86,1,172.98,2,0,R
2864,2018-01-04,09:30:12.006785,Q,AAPL,172.88,8,172.98,30,4,R
2865,2018-01-04,09:30:12.007338,K,AAPL,172.87,1,172.98,2,0,R
2866,2018-01-04,09:30:12.007454,Q,AAPL,172.9,3,172.98,30,4,R
2867,2018-01-04,09:30:12.008251,P,AAPL,172.9,1,172.98,1,0,R
2868,2018-01-04,09:30:12.008319,P,AAPL,172.9,2,172.98,1,0,R
2869,2018-01-04,09:30:12.008420,P,AAPL,172.9,2,172.98,1,0,R
2870,2018-01-04,09:30:12.016255,Q,AAPL,172.9,6,172.98,30,4,R
2871,2018-01-04,09:30:12.019297,Y,AAPL,172.67,1,173.1,2,0,R
2872,2018-01-04,09:30:12.020688,Y,AAPL,172.85,1,173.1,2,0,R
2873,2018-01-04,09:30:12.020780,Y,AAPL,172.85,2,173.1,2,0,R
2874,2018-01-04,09:30:12.022728,Y,AAPL,172.85,2,173.1,2,0,R
2875,2018-01-04,09:30:12.032827,P,AAPL,172.9,2,172.99,5,0,R
2876,2018-01-04,09:30:12.083312,J,AAPL,172.66,1,173.81,1,0,R
2877,2018-01-04,09:30:12.119962,P,AAPL,172.9,1,172.99,5,0,R
2878,2018-01-04,09:30:12.529460,Y,AAPL,172.87,1,173.1,2,0,R
2879,2018-01-04,09:30:12.529463,Y,AAPL,172.87,1,173.0,1,0,R
2880,2018-01-04,09:30:12.529562,Y,AAPL,172.87,2,173.0,1,0,R
2881,2018-01-04,09:30:12.529585,Y,AAPL,172.87,1,173.0,2,0,R
2882,2018-01-04,09:30:12.529598,Y,AAPL,172.87,1,173.0,1,0,R
2883,2018-01-04,09:30:12.795356,K,AAPL,172.87,1,173.0,15,0,R
2884,2018-01-04,09:30:12.795491,Y,AAPL,172.88,1,173.0,1,0,R
2885,2018-01-04,09:30:12.795578,Y,AAPL,172.88,2,173.0,1,0,R
2886,2018-01-04,09:30:12.797296,V,AAPL,172.88,1,172.98,1,0,R
2887,2018-01-04,09:30:12.801484,V,AAPL,172.88,1,173.81,1,0,R
2888,2018-01-04,09:30:12.803176,X,AAPL,172.88,1,172.98,2,0,R
2889,2018-01-04,09:30:12.983564,J,AAPL,172.66,1,173.2,1,0,R
2890,2018-01-04,09:30:13.013146,Y,AAPL,172.88,1,173.0,1,0,R
2891,2018-01-04,09:30:13.134317,A,AAPL,172.01,1,173.12,1,0,R
2892,2018-01-04,09:30:13.171513,A,AAPL,172.01,1,173.9,5,0,R
2893,2018-01-04,09:30:13.305831,Z,AAPL,172.88,5,173.03,1,0,R
2894,2018-01-04,09:30:13.358320,X,AAPL,172.64,3,172.98,2,0,R
2895,2018-01-04,09:30:13.358364,X,AAPL,172.73,5,172.98,2,0,R
2896,2018-01-04,09:30:13.358530,Z,AAPL,172.87,1,173.03,1,0,R
2897,2018-01-04,09:30:13.370219,Z,AAPL,172.9,1,173.03,1,0,R
2898,2018-01-04,09:30:13.370855,Y,AAPL,172.9,1,173.0,1,0,R
2899,2018-01-04,09:30:13.370945,Y,AAPL,172.9,2,173.0,1,0,R
2900,2018-01-04,09:30:13.370974,Y,AAPL,172.9,1,173.0,1,0,R
2901,2018-01-04,09:30:13.455805,B,AAPL,172.9,7,173.26,2,2,R
2902,2018-01-04,09:30:13.455852,B,AAPL,172.9,8,173.26,2,2,R
2903,2018-01-04,09:30:13.455903,B,AAPL,172.9,7,173.26,2,2,R
2904,2018-01-04,09:30:13.480324,B,AAPL,172.9,7,173.26,2,0,R
2905,2018-01-04,09:30:13.584840,V,AAPL,172.69,1,173.81,1,0,R
2906,2018-01-04,09:30:13.586562,V,AAPL,172.9,1,173.81,1,0,R
2907,2018-01-04,09:30:13.904404,A,AAPL,172.66,1,173.9,5,0,R
2908,2018-01-04,09:30:13.904476,A,AAPL,172.66,1,173.22,1,0,R
2909,2018-01-04,09:30:14.084767,K,AAPL,172.95,1,173.0,15,2,R
2910,2018-01-04,09:30:14.084825,B,AAPL,172.9,7,173.26,2,0,R
2911,2018-01-04,09:30:14.085300,P,AAPL,172.95,1,172.99,5,0,R
2912,2018-01-04,09:30:14.085338,X,AAPL,172.64,3,172.98,2,0,R
2913,2018-01-04,09:30:14.085383,X,AAPL,172.78,5,172.98,2,0,R
2914,2018-01-04,09:30:14.085434,Y,AAPL,172.9,1,173.1,1,0,R
2915,2018-01-04,09:30:14.089538,Q,AAPL,172.9,6,172.98,31,2,R
2916,2018-01-04,09:30:14.109301,Q,AAPL,172.94,1,172.98,31,0,R
2917,2018-01-04,09:30:14.109572,Z,AAPL,172.93,1,173.03,1,0,R
2918,2018-01-04,09:30:14.109649,Y,AAPL,172.9,1,173.01,1,0,R
2919,2018-01-04,09:30:14.109667,Z,AAPL,172.93,1,173.03,1,0,R
2920,2018-01-04,09:30:14.109674,Z,AAPL,172.93,2,173.03,1,0,R
2921,2018-01-04,09:30:14.109738,Y,AAPL,172.9,1,173.01,2,0,R
2922,2018-01-04,09:30:14.123684,Y,AAPL,172.9,1,173.01,2,0,R
2923,2018-01-04,09:30:14.215234,Z,AAPL,172.93,1,173.03,1,0,R
2924,2018-01-04,09:30:14.761602,X,AAPL,172.78,5,173.16,3,0,R
2925,2018-01-04,09:30:14.761687,Q,AAPL,172.94,1,172.98,21,2,R
2926,2018-01-04,09:30:14.762130,Q,AAPL,172.94,1,172.98,1,2,R
2927,2018-01-04,09:30:14.762130,Q,AAPL,172.94,1,172.99,9,2,R
2928,2018-01-04,09:30:14.762142,Y,AAPL,172.9,1,173.01,1,0,R
2929,2018-01-04,09:30:14.762208,Y,AAPL,172.9,1,173.1,1,0,R
2930,2018-01-04,09:30:14.762624,Y,AAPL,172.9,1,173.81,1,0,R
2931,2018-01-04,09:30:14.765261,K,AAPL,172.95,1,173.0,18,2,R
2932,2018-01-04,09:30:14.777551,P,AAPL,172.95,1,172.99,4,0,R
2933,2018-01-04,09:30:14.777681,Y,AAPL,172.9,1,173.02,1,0,R
2934,2018-01-04,09:30:14.777773,Y,AAPL,172.9,1,173.02,2,0,R
2935,2018-01-04,09:30:14.783169,Z,AAPL,172.93,2,173.03,1,0,R
2936,2018-01-04,09:30:14.795209,Q,AAPL,172.95,6,172.99,9,4,R
2937,2018-01-04,09:30:14.795498,Y,AAPL,172.9,2,173.02,2,0,R
2938,2018-01-04,09:30:14.800819,K,AAPL,172.95,7,173.0,18,2,R
2939,2018-01-04,09:30:14.843810,P,AAPL,172.95,1,172.99,4,0,R
2940,2018-01-04,09:30:14.863824,Y,AAPL,172.9,2,173.02,1,0,R
2941,2018-01-04,09:30:14.863896,Y,AAPL,172.9,2,173.81,1,0,R
2942,2018-01-04,09:30:14.863931,Y,AAPL,172.91,1,173.81,1,0,R
2943,2018-01-04,09:30:14.864013,Y,AAPL,172.91,2,173.81,1,0,R
2944,2018-01-04,09:30:15.085729,P,AAPL,172.95,1,172.99,3,0,R
2945,2018-01-04,09:30:15.085874,Y,AAPL,172.92,1,173.81,1,0,R
2946,2018-01-04,09:30:15.085891,Y,AAPL,172.92,1,173.04,1,0,R
2947,2018-01-04,09:30:15.085959,Y,AAPL,172.92,2,173.04,1,0,R
2948,2018-01-04,09:30:15.085978,Y,AAPL,172.92,2,173.04,2,0,R
2949,2018-01-04,09:30:15.105050,Y,AAPL,172.92,1,173.04,2,0,R
2950,2018-01-04,09:30:15.136521,Z,AAPL,172.93,2,173.02,1,0,R
2951,2018-01-04,09:30:15.136612,Z,AAPL,172.93,2,173.02,2,0,R
2952,2018-01-04,09:30:15.284257,Q,AAPL,172.95,7,172.99,9,0,R
2953,2018-01-04,09:30:15.284503,V,AAPL,172.69,1,173.81,1,0,R
2954,2018-01-04,09:30:15.286464,V,AAPL,172.95,1,173.81,1,0,R
2955,2018-01-04,09:30:15.500721,P,AAPL,172.95,1,172.99,2,0,R
2956,2018-01-04,09:30:15.565552,K,AAPL,172.95,7,173.0,15,0,R
2957,2018-01-04,09:30:15.566416,Z,AAPL,172.93,2,173.0,1,0,R
2958,2018-01-04,09:30:15.566506,Z,AAPL,172.93,2,173.0,2,0,R
2959,2018-01-04,09:30:15.570820,Z,AAPL,172.93,2,173.0,1,0,R
2960,2018-01-04,09:30:15.570889,Z,AAPL,172.93,2,173.02,2,0,R
2961,2018-01-04,09:30:15.571597,K,AAPL,172.95,7,173.0,19,2,R
2962,2018-01-04,09:30:15.635884,P,AAPL,172.95,1,172.99,1,0,R
2963,2018-01-04,09:30:15.703473,K,AAPL,172.95,7,173.0,19,0,R
2964,2018-01-04,09:30:15.703572,Y,AAPL,172.9,1,173.04,2,0,R
2965,2018-01-04,09:30:15.703602,Y,AAPL,172.9,1,173.04,1,0,R
2966,2018-01-04,09:30:15.703613,Y,AAPL,172.9,1,173.03,1,0,R
2967,2018-01-04,09:30:15.703687,Y,AAPL,172.9,1,173.03,2,0,R
2968,2018-01-04,09:30:15.703692,Y,AAPL,172.9,1,173.03,1,0,R
2969,2018-01-04,09:30:15.734244,P,AAPL,172.95,1,173.08,1,0,R
2970,2018-01-04,09:30:15.734357,Y,AAPL,172.9,1,173.17,1,0,R
2971,2018-01-04,09:30:15.734380,Y,AAPL,172.92,1,173.17,1,0,R
2972,2018-01-04,09:30:15.734469,Y,AAPL,172.92,2,173.17,1,0,R
2973,2018-01-04,09:30:15.734730,P,AAPL,172.95,1,173.09,5,0,R
2974,2018-01-04,09:30:15.736287,Q,AAPL,172.95,7,172.99,8,4,R
2975,2018-01-04,09:30:15.736612,Y,AAPL,172.92,1,173.17,1,0,R
2976,2018-01-04,09:30:15.740971,Q,AAPL,172.95,8,172.99,8,4,R
2977,2018-01-04,09:30:15.741321,Y,AAPL,172.92,1,173.04,1,0,R
2978,2018-01-04,09:30:15.741398,Y,AAPL,172.92,1,173.04,2,0,R
2979,2018-01-04,09:30:15.744926,P,AAPL,172.95,1,173.09,5,0,R
2980,2018-01-04,09:30:15.797520,Q,AAPL,172.95,8,173.0,147,4,R
2981,2018-01-04,09:30:15.797553,K,AAPL,172.95,7,173.0,19,0,R
2982,2018-01-04,09:30:15.797662,Z,AAPL,172.97,1,173.02,2,2,R
2983,2018-01-04,09:30:15.797675,K,AAPL,172.97,1,173.0,19,0,R
2984,2018-01-04,09:30:15.797684,J,AAPL,172.97,1,173.2,1,0,R
2985,2018-01-04,09:30:15.797686,Y,AAPL,172.97,1,173.04,2,0,R
2986,2018-01-04,09:30:15.797764,Z,AAPL,172.97,1,173.02,2,0,R
2987,2018-01-04,09:30:15.797950,P,AAPL,172.97,2,173.09,5,2,R
2988,2018-01-04,09:30:15.797987,Y,AAPL,172.97,1,173.04,1,0,R
2989,2018-01-04,09:30:15.798034,B,AAPL,172.97,1,173.26,2,0,R
2990,2018-01-04,09:30:15.798052,Y,AAPL,172.97,1,173.17,1,0,R
2991,2018-01-04,09:30:15.798295,Q,AAPL,172.95,8,173.0,145,2,R
2992,2018-01-04,09:30:15.807457,Y,AAPL,172.97,1,173.05,1,0,R
2993,2018-01-04,09:30:15.807536,Y,AAPL,172.97,1,173.05,2,0,R
2994,2018-01-04,09:30:15.812372,Q,AAPL,172.95,8,173.0,144,2,R
2995,2018-01-04,09:30:15.812661,K,AAPL,172.97,1,173.0,18,0,R
2996,2018-01-04,09:30:15.827635,Y,AAPL,172.93,1,173.05,2,0,R
2997,2018-01-04,09:30:15.827636,Z,AAPL,172.93,2,173.02,2,0,R
2998,2018-01-04,09:30:15.827649,J,AAPL,172.66,1,173.2,1,0,R
2999,2018-01-04,09:30:15.827657,K,AAPL,172.95,7,173.0,18,0,R
3000,2018-01-04,09:30:15.827932,P,AAPL,172.97,1,173.09,5,2,R
3001,2018-01-04,09:30:15.893652,K,AAPL,172.95,7,173.0,17,0,R
3002,2018-01-04,09:30:15.893667,K,AAPL,172.95,7,173.0,17,0,R
3003,2018-01-04,09:30:15.893677,K,AAPL,172.95,7,173.0,12,0,R
3004,2018-01-04,09:30:15.893839,Y,AAPL,172.93,1,173.04,1,0,R
3005,2018-01-04,09:30:15.893925,Y,AAPL,172.93,1,173.04,2,0,R
3006,2018-01-04,09:30:15.907687,Q,AAPL,172.95,8,173.0,143,2,R
3007,2018-01-04,09:30:16.034976,K,AAPL,172.96,1,173.0,12,0,R
3008,2018-01-04,09:30:16.035091,Z,AAPL,172.93,1,173.02,2,0,R
3009,2018-01-04,09:30:16.035120,Y,AAPL,172.93,1,173.03,1,0,R
3010,2018-01-04,09:30:16.035201,Y,AAPL,172.93,1,173.03,2,0,R
3011,2018-01-04,09:30:16.035327,Q,AAPL,172.96,1,173.0,143,0,R
3012,2018-01-04,09:30:16.040580,B,AAPL,172.9,7,173.26,2,0,R
3013,2018-01-04,09:30:16.040583,B,AAPL,172.9,4,173.26,2,0,R
3014,2018-01-04,09:30:16.040590,Q,AAPL,172.95,8,173.0,143,0,R
3015,2018-01-04,09:30:16.040595,Q,AAPL,172.95,2,173.0,143,0,R
3016,2018-01-04,09:30:16.040603,Q,AAPL,172.95,1,173.0,143,0,R
3017,2018-01-04,09:30:16.040603,Q,AAPL,172.94,2,173.0,143,0,R
3018,2018-01-04,09:30:16.040603,Q,AAPL,172.94,1,173.0,143,0,R
3019,2018-01-04,09:30:16.040608,Q,AAPL,172.93,1,173.0,143,0,R
3020,2018-01-04,09:30:16.040613,Q,AAPL,172.92,2,173.0,143,0,R
3021,2018-01-04,09:30:16.040618,Q,AAPL,172.92,1,173.0,143,0,R
3022,2018-01-04,09:30:16.040619,Q,AAPL,172.88,6,173.0,143,0,R
3023,2018-01-04,09:30:16.040665,B,AAPL,172.9,4,173.0,1,0,R
3024,2018-01-04,09:30:16.040796,K,AAPL,172.95,8,173.0,12,0,R
3025,2018-01-04,09:30:16.040802,Y,AAPL,172.9,1,173.03,2,0,R
3026,2018-01-04,09:30:16.040806,Z,AAPL,172.93,1,173.02,2,0,R
3027,2018-01-04,09:30:16.040809,K,AAPL,172.95,2,173.0,12,0,R
3028,2018-01-04,09:30:16.040843,K,AAPL,172.95,2,173.0,12,0,R
3029,2018-01-04,09:30:16.040901,Y,AAPL,172.9,1,172.98,1,2,R
3030,2018-01-04,09:30:16.040902,J,AAPL,172.66,1,172.98,1,0,R
3031,2018-01-04,09:30:16.040928,Z,AAPL,172.93,1,172.98,1,0,R
3032,2018-01-04,09:30:16.040930,Y,AAPL,172.91,1,172.98,1,2,R
3033,2018-01-04,09:30:16.040932,K,AAPL,172.95,2,172.98,1,0,R
3034,2018-01-04,09:30:16.040956,J,AAPL,172.66,1,173.2,1,2,R
3035,2018-01-04,09:30:16.040959,Y,AAPL,172.91,1,173.03,2,0,R
3036,2018-01-04,09:30:16.040962,B,AAPL,172.9,4,173.26,2,0,R
3037,2018-01-04,09:30:16.040980,Z,AAPL,172.93,1,173.0,1,2,R
3038,2018-01-04,09:30:16.040982,K,AAPL,172.95,2,173.0,12,2,R
3039,2018-01-04,09:30:16.041001,P,AAPL,172.93,1,173.09,5,2,R
3040,2018-01-04,09:30:16.041002,Y,AAPL,172.9,1,173.03,2,0,R
3041,2018-01-04,09:30:16.041016,Y,AAPL,172.91,1,173.03,2,0,R
3042,2018-01-04,09:30:16.041057,Y,AAPL,172.91,1,173.03,2,0,R
3043,2018-01-04,09:30:16.041102,Z,AAPL,172.93,1,173.02,2,0,R
3044,2018-01-04,09:30:16.041192,P,AAPL,172.93,1,172.98,1,2,R
3045,2018-01-04,09:30:16.041301,P,AAPL,172.93,1,173.09,5,2,R
3046,2018-01-04,09:30:16.041337,B,AAPL,172.95,1,173.26,2,0,R
3047,2018-01-04,09:30:16.041378,B,AAPL,172.95,2,173.26,2,0,R
3048,2018-01-04,09:30:16.041384,P,AAPL,172.93,1,173.0,1,0,R
3049,2018-01-04,09:30:16.042152,V,AAPL,172.69,1,173.81,1,0,R
3050,2018-01-04,09:30:16.042500,V,AAPL,172.69,1,172.98,1,2,R
3051,2018-01-04,09:30:16.043063,Q,AAPL,172.88,6,173.0,144,0,R
3052,2018-01-04,09:30:16.045858,Q,AAPL,172.95,1,173.0,144,0,R
3053,2018-01-04,09:30:16.045890,Q,AAPL,172.95,2,173.0,144,0,R
3054,2018-01-04,09:30:16.046189,Z,AAPL,172.95,1,173.02,2,0,R
3055,2018-01-04,09:30:16.046596,P,AAPL,172.95,1,173.0,1,0,R
3056,2018-01-04,09:30:16.046988,J,AAPL,172.95,1,173.2,1,0,R
3057,2018-01-04,09:30:16.051729,P,AAPL,172.95,1,173.09,5,0,R
3058,2018-01-04,09:30:16.056019,V,AAPL,172.69,1,173.81,1,2,R
3059,2018-01-04,09:30:16.056443,K,AAPL,172.95,3,173.0,12,2,R
3060,2018-01-04,09:30:16.057019,Y,AAPL,172.91,1,173.03,2,0,R
3061,2018-01-04,09:30:16.057752,P,AAPL,172.97,6,173.09,5,2,R
3062,2018-01-04,09:30:16.057815,B,AAPL,172.97,1,173.26,2,0,R
3063,2018-01-04,09:30:16.057862,B,AAPL,172.95,1,173.26,2,0,R
3064,2018-01-04,09:30:16.057915,Q,AAPL,172.97,1,173.0,144,0,R
3065,2018-01-04,09:30:16.057946,B,AAPL,172.97,1,173.26,2,0,R
3066,2018-01-04,09:30:16.057950,Q,AAPL,172.95,1,173.0,144,0,R
3067,2018-01-04,09:30:16.057981,J,AAPL,172.97,1,173.2,1,0,R
3068,2018-01-04,09:30:16.057994,B,AAPL,172.95,1,173.26,2,0,R
3069,2018-01-04,09:30:16.058256,J,AAPL,172.66,1,173.2,1,0,R
3070,2018-01-04,09:30:16.058264,B,AAPL,172.9,4,173.26,2,0,R
3071,2018-01-04,09:30:16.058272,Q,AAPL,172.88,6,173.0,144,0,R
3072,2018-01-04,09:30:16.058275,Z,AAPL,172.95,1,173.02,2,0,R
3073,2018-01-04,09:30:16.058286,Y,AAPL,172.91,1,173.03,2,0,R
3074,2018-01-04,09:30:16.058293,J,AAPL,172.66,1,173.2,1,0,R
3075,2018-01-04,09:30:16.058299,K,AAPL,172.95,3,173.0,12,0,R
3076,2018-01-04,09:30:16.058349,Z,AAPL,172.93,1,173.02,2,0,R
3077,2018-01-04,09:30:16.058538,P,AAPL,172.97,6,172.99,1,4,R
3078,2018-01-04,09:30:16.058657,P,AAPL,172.95,1,172.99,1,2,R
3079,2018-01-04,09:30:16.058741,P,AAPL,172.93,1,172.99,1,0,R
3080,2018-01-04,09:30:16.058760,Y,AAPL,172.91,1,173.03,2,0,R
3081,2018-01-04,09:30:16.059525,Y,AAPL,172.91,1,173.03,2,0,R
3082,2018-01-04,09:30:16.059553,Q,AAPL,172.95,1,173.0,144,0,R
3083,2018-01-04,09:30:16.059713,B,AAPL,172.95,1,173.26,2,0,R
3084,2018-01-04,09:30:16.059853,Z,AAPL,172.93,1,173.02,2,0,R
3085,2018-01-04,09:30:16.059856,Y,AAPL,172.91,1,173.03,2,0,R
3086,2018-01-04,09:30:16.059863,J,AAPL,172.66,1,173.2,1,0,R
3087,2018-01-04,09:30:16.059866,K,AAPL,172.95,3,173.0,12,0,R
3088,2018-01-04,09:30:16.060132,P,AAPL,172.93,1,173.09,5,2,R
3089,2018-01-04,09:30:16.060781,V,AAPL,172.97,1,173.81,1,2,R
3090,2018-01-04,09:30:16.060902,Q,AAPL,172.97,1,173.0,144,0,R
3091,2018-01-04,09:30:16.060935,Q,AAPL,172.88,6,173.0,144,0,R
3092,2018-01-04,09:30:16.060946,B,AAPL,172.9,4,173.26,2,0,R
3093,2018-01-04,09:30:16.061118,Y,AAPL,172.91,1,173.03,2,0,R
3094,2018-01-04,09:30:16.061264,Z,AAPL,172.93,1,173.02,2,0,R
3095,2018-01-04,09:30:16.061268,Y,AAPL,172.91,1,173.03,2,0,R
3096,2018-01-04,09:30:16.061279,J,AAPL,172.66,1,173.2,1,0,R
3097,2018-01-04,09:30:16.061282,K,AAPL,172.95,3,173.0,12,0,R
3098,2018-01-04,09:30:16.061532,P,AAPL,172.93,1,172.99,1,2,R
3099,2018-01-04,09:30:16.061747,Y,AAPL,172.91,1,173.03,2,0,R
3100,2018-01-04,09:30:16.062252,Q,AAPL,172.97,1,173.0,144,0,R
3101,2018-01-04,09:30:16.062284,Q,AAPL,172.88,6,173.0,144,0,R
3102,2018-01-04,09:30:16.062295,V,AAPL,172.69,1,173.81,1,2,R
3103,2018-01-04,09:30:16.062428,Y,AAPL,172.91,1,173.03,2,0,R
3104,2018-01-04,09:30:16.062554,Z,AAPL,172.93,1,173.02,2,0,R
3105,2018-01-04,09:30:16.062555,Y,AAPL,172.91,1,173.03,2,0,R
3106,2018-01-04,09:30:16.062559,K,AAPL,172.95,3,173.0,12,0,R
3107,2018-01-04,09:30:16.062561,J,AAPL,172.66,1,173.2,1,0,R
3108,2018-01-04,09:30:16.062829,P,AAPL,172.93,1,173.09,5,2,R
3109,2018-01-04,09:30:16.062912,P,AAPL,172.93,1,173.0,1,0,R
3110,2018-01-04,09:30:16.063608,Q,AAPL,172.95,1,173.0,144,0,R
3111,2018-01-04,09:30:16.063639,Q,AAPL,172.95,2,173.0,144,0,R
3112,2018-01-04,09:30:16.063901,Y,AAPL,172.91,1,173.03,2,0,R
3113,2018-01-04,09:30:16.063934,Z,AAPL,172.95,1,173.02,2,0,R
3114,2018-01-04,09:30:16.064178,B,AAPL,172.95,1,173.26,2,0,R
3115,2018-01-04,09:30:16.091821,Y,AAPL,172.91,1,173.02,1,0,R
3116,2018-01-04,09:30:16.091897,Z,AAPL,172.93,1,173.02,2,0,R
3117,2018-01-04,09:30:16.091911,Y,AAPL,172.91,1,173.02,2,0,R
3118,2018-01-04,09:30:16.134598,Y,AAPL,172.91,1,173.01,1,0,R
3119,2018-01-04,09:30:16.134685,Y,AAPL,172.91,1,173.01,2,0,R
3120,2018-01-04,09:30:16.178985,Q,AAPL,172.95,2,173.0,143,2,R
3121,2018-01-04,09:30:16.179112,Q,AAPL,172.95,2,173.0,144,2,R
3122,2018-01-04,09:30:16.184582,B,AAPL,172.54,1,173.26,2,0,R
3123,2018-01-04,09:30:16.184639,Q,AAPL,172.95,1,173.0,144,0,R
3124,2018-01-04,09:30:16.184721,K,AAPL,172.95,2,173.0,12,2,R
3125,2018-01-04,09:30:16.184924,Y,AAPL,172.91,1,173.01,1,0,R
3126,2018-01-04,09:30:16.184937,Y,AAPL,172.91,1,173.0,1,0,R
3127,2018-01-04,09:30:16.185021,Y,AAPL,172.91,1,173.0,2,0,R
3128,2018-01-04,09:30:16.185026,Y,AAPL,172.91,1,173.0,1,0,R
3129,2018-01-04,09:30:16.185200,K,AAPL,172.95,2,173.0,12,0,R
3130,2018-01-04,09:30:16.186876,Y,AAPL,172.95,1,173.0,1,0,R
3131,2018-01-04,09:30:16.186965,Y,AAPL,172.95,2,173.0,1,0,R
3132,2018-01-04,09:30:16.186970,Y,AAPL,172.95,1,173.0,1,0,R
3133,2018-01-04,09:30:16.186983,Y,AAPL,172.95,1,173.17,1,0,R
3134,2018-01-04,09:30:16.208375,P,AAPL,172.95,7,173.0,1,2,R
3135,2018-01-04,09:30:16.208451,P,AAPL,172.95,8,173.0,1,2,R
3136,2018-01-04,09:30:16.215956,B,AAPL,172.95,2,173.26,2,0,R
3137,2018-01-04,09:30:16.216001,B,AAPL,172.95,3,173.26,2,0,R
3138,2018-01-04,09:30:16.216335,Y,AAPL,172.95,1,173.03,1,0,R
3139,2018-01-04,09:30:16.216421,Y,AAPL,172.95,1,173.03,2,0,R
3140,2018-01-04,09:30:16.216712,P,AAPL,172.95,7,173.0,1,2,R
3141,2018-01-04,09:30:16.224618,Y,AAPL,172.95,1,173.03,2,0,R
3142,2018-01-04,09:30:16.261118,V,AAPL,172.69,1,172.99,1,2,R
3143,2018-01-04,09:30:16.308347,B,AAPL,172.95,2,173.26,2,0,R
3144,2018-01-04,09:30:16.308709,Y,AAPL,172.95,1,173.02,1,0,R
3145,2018-01-04,09:30:16.308796,Y,AAPL,172.95,1,173.02,2,0,R
3146,2018-01-04,09:30:16.371430,K,AAPL,172.95,2,173.0,8,0,R
3147,2018-01-04,09:30:16.377237,Q,AAPL,172.95,1,173.0,147,0,R
3148,2018-01-04,09:30:16.377331,K,AAPL,172.95,2,173.0,9,0,R
3149,2018-01-04,09:30:16.495886,V,AAPL,172.69,1,173.81,1,2,R
3150,2018-01-04,09:30:16.900929,P,AAPL,172.95,7,173.09,5,0,R
3151,2018-01-04,09:30:17.138763,B,AAPL,172.95,2,173.0,1,0,R
3152,2018-01-04,09:30:17.138810,B,AAPL,172.95,2,173.0,2,0,R
3153,2018-01-04,09:30:17.138852,B,AAPL,172.95,2,173.0,1,0,R
3154,2018-01-04,09:30:17.375347,Z,AAPL,172.93,1,173.02,4,0,R
3155,2018-01-04,09:30:17.411731,Q,AAPL,172.95,1,173.0,146,2,R
3156,2018-01-04,09:30:17.417007,Q,AAPL,172.95,1,173.0,145,2,R
3157,2018-01-04,09:30:17.461789,B,AAPL,172.95,2,173.26,1,0,R
3158,2018-01-04,09:30:17.462132,Y,AAPL,172.95,1,173.02,1,0,R
3159,2018-01-04,09:30:17.462210,Y,AAPL,172.95,1,173.17,1,0,R
3160,2018-01-04,09:30:17.479814,Y,AAPL,172.95,1,173.02,1,0,R
3161,2018-01-04,09:30:17.479898,Y,AAPL,172.95,1,173.02,2,0,R
3162,2018-01-04,09:30:17.481402,K,AAPL,172.95,1,173.0,9,0,R
3163,2018-01-04,09:30:17.645659,B,AAPL,172.95,2,173.26,1,0,R
3164,2018-01-04,09:30:17.650597,P,AAPL,172.95,7,173.09,5,0,R
3165,2018-01-04,09:30:17.658768,Y,AAPL,172.95,1,173.02,2,0,R
3166,2018-01-04,09:30:17.804940,Q,AAPL,172.95,1,173.0,146,2,R
3167,2018-01-04,09:30:17.805788,J,AAPL,172.25,1,173.2,1,0,R
3168,2018-01-04,09:30:17.816387,K,AAPL,172.95,1,173.0,10,0,R
3169,2018-01-04,09:30:17.816692,K,AAPL,172.95,1,173.0,10,0,R
3170,2018-01-04,09:30:17.881444,B,AAPL,172.95,2,173.0,1,0,R
3171,2018-01-04,09:30:17.881488,B,AAPL,172.95,2,173.0,2,0,R
3172,2018-01-04,09:30:17.881851,Y,AAPL,172.95,1,173.01,1,0,R
3173,2018-01-04,09:30:17.881946,Y,AAPL,172.95,1,173.01,2,0,R
3174,2018-01-04,09:30:18.192064,Q,AAPL,172.95,1,173.0,145,2,R
3175,2018-01-04,09:30:18.192138,Q,AAPL,172.95,1,173.0,147,2,R
3176,2018-01-04,09:30:18.197897,P,AAPL,172.95,4,173.09,5,2,R
3177,2018-01-04,09:30:18.197900,B,AAPL,172.95,2,173.0,2,0,R
3178,2018-01-04,09:30:18.198433,Y,AAPL,172.95,1,173.01,2,0,R
3179,2018-01-04,09:30:18.198781,P,AAPL,172.95,4,173.09,5,0,R
3180,2018-01-04,09:30:18.207136,Y,AAPL,172.95,1,173.01,2,0,R
3181,2018-01-04,09:30:18.322432,Q,AAPL,172.95,2,173.0,147,0,R
3182,2018-01-04,09:30:18.346639,B,AAPL,172.95,2,173.0,2,0,R
3183,2018-01-04,09:30:18.352964,P,AAPL,172.95,4,173.09,5,0,R
3184,2018-01-04,09:30:18.360302,Y,AAPL,172.95,1,173.01,2,0,R
3185,2018-01-04,09:30:18.372877,B,AAPL,172.95,2,173.0,2,0,R
3186,2018-01-04,09:30:18.373334,Y,AAPL,172.95,1,173.01,2,0,R
3187,2018-01-04,09:30:18.373807,P,AAPL,172.95,4,173.09,5,0,R
3188,2018-01-04,09:30:18.424310,Q,AAPL,172.95,3,173.0,147,0,R
3189,2018-01-04,09:30:18.440449,Q,AAPL,172.95,2,173.0,147,0,R
3190,2018-01-04,09:30:18.440489,Q,AAPL,172.95,2,172.99,1,2,R
3191,2018-01-04,09:30:18.440542,B,AAPL,172.95,2,172.99,1,0,R
3192,2018-01-04,09:30:18.440860,Y,AAPL,172.95,1,173.01,1,0,R
3193,2018-01-04,09:30:18.440907,P,AAPL,172.91,1,173.09,5,2,R
3194,2018-01-04,09:30:18.440935,Y,AAPL,172.95,1,173.17,1,0,R
3195,2018-01-04,09:30:18.440973,P,AAPL,172.91,1,172.99,1,0,R
3196,2018-01-04,09:30:18.441004,P,AAPL,172.91,1,172.99,2,2,R
3197,2018-01-04,09:30:18.441215,P,AAPL,172.91,1,172.99,3,2,R
3198,2018-01-04,09:30:18.441428,Y,AAPL,172.95,1,173.17,1,0,R
3199,2018-01-04,09:30:18.442309,Q,AAPL,172.95,3,172.99,1,2,R
3200,2018-01-04,09:30:18.442346,Q,AAPL,172.95,3,173.0,147,0,R
3201,2018-01-04,09:30:18.487342,Y,AAPL,172.95,1,173.02,1,0,R
3202,2018-01-04,09:30:18.487429,Y,AAPL,172.95,1,173.02,2,0,R
3203,2018-01-04,09:30:18.536814,Y,AAPL,172.9,1,173.02,2,0,R
3204,2018-01-04,09:30:18.536930,Y,AAPL,172.25,1,173.02,2,0,R
3205,2018-01-04,09:30:18.536972,Y,AAPL,172.25,1,173.01,1,0,R
3206,2018-01-04,09:30:18.537055,Y,AAPL,172.25,1,173.01,2,0,R
3207,2018-01-04,09:30:18.537368,P,AAPL,172.91,1,172.99,2,2,R
3208,2018-01-04,09:30:18.538989,V,AAPL,172.95,1,173.81,1,0,R
3209,2018-01-04,09:30:18.667650,Y,AAPL,172.95,3,173.01,2,0,R
3210,2018-01-04,09:30:18.683398,J,AAPL,172.73,1,173.2,1,0,R
3211,2018-01-04,09:30:18.777456,Q,AAPL,172.95,3,173.0,144,0,R
3212,2018-01-04,09:30:18.777513,K,AAPL,172.95,1,173.0,9,0,R
3213,2018-01-04,09:30:18.778605,Z,AAPL,172.93,1,173.0,1,0,R
3214,2018-01-04,09:30:18.778706,Z,AAPL,172.93,1,173.0,2,0,R
3215,2018-01-04,09:30:18.781537,Q,AAPL,172.95,3,173.0,146,2,R
3216,2018-01-04,09:30:18.781614,K,AAPL,172.95,1,173.0,11,0,R
3217,2018-01-04,09:30:18.900699,Y,AAPL,172.95,2,173.01,2,2,R
3218,2018-01-04,09:30:18.914998,B,AAPL,172.95,1,172.99,1,0,R
3219,2018-01-04,09:30:18.915109,B,AAPL,172.54,1,172.99,1,0,R
3220,2018-01-04,09:30:18.915376,Y,AAPL,172.95,2,173.0,1,0,R
3221,2018-01-04,09:30:18.915447,Y,AAPL,172.88,1,173.0,1,0,R
3222,2018-01-04,09:30:18.915466,Y,AAPL,172.88,1,173.0,2,0,R
3223,2018-01-04,09:30:19.003960,Q,AAPL,172.95,3,172.99,1,0,R
3224,2018-01-04,09:30:19.003993,Q,AAPL,172.95,3,172.99,2,0,R
3225,2018-01-04,09:30:19.004294,Z,AAPL,172.93,1,172.99,1,0,R
3226,2018-01-04,09:30:19.004314,K,AAPL,172.95,1,172.99,1,0,R
3227,2018-01-04,09:30:19.181026,Q,AAPL,172.95,2,172.99,2,2,R
3228,2018-01-04,09:30:19.181029,Q,AAPL,172.95,1,172.99,2,2,R
3229,2018-01-04,09:30:19.181033,Q,AAPL,172.92,3,172.99,2,0,R
3230,2018-01-04,09:30:19.181034,Q,AAPL,172.92,2,172.99,2,0,R
3231,2018-01-04,09:30:19.181040,Q,AAPL,172.92,1,172.99,2,0,R
3232,2018-01-04,09:30:19.181040,Q,AAPL,172.91,3,172.99,2,0,R
3233,2018-01-04,09:30:19.181047,Q,AAPL,172.91,2,172.99,2,0,R
3234,2018-01-04,09:30:19.181047,Q,AAPL,172.91,1,172.99,2,0,R
3235,2018-01-04,09:30:19.181052,Q,AAPL,172.9,3,172.99,2,0,R
3236,2018-01-04,09:30:19.181052,Q,AAPL,172.9,2,172.99,2,0,R
3237,2018-01-04,09:30:19.181060,Q,AAPL,172.9,1,172.99,2,0,R
3238,2018-01-04,09:30:19.181060,Q,AAPL,172.88,6,172.99,2,0,R
3239,2018-01-04,09:30:19.181064,Q,AAPL,172.88,1,172.99,2,0,R
3240,2018-01-04,09:30:19.181064,Q,AAPL,172.88,1,172.98,1,2,R
3241,2018-01-04,09:30:19.181072,X,AAPL,172.64,3,173.16,3,0,R
3242,2018-01-04,09:30:19.181075,Q,AAPL,172.88,1,172.98,2,2,R
3243,2018-01-04,09:30:19.181087,Q,AAPL,172.88,1,172.98,3,2,R
3244,2018-01-04,09:30:19.181089,Q,AAPL,172.88,1,172.98,4,2,R
3245,2018-01-04,09:30:19.181099,Q,AAPL,172.88,1,172.98,5,2,R
3246,2018-01-04,09:30:19.181107,Q,AAPL,172.88,1,172.98,6,2,R
3247,2018-01-04,09:30:19.181119,B,AAPL,172.54,1,173.0,2,0,R
3248,2018-01-04,09:30:19.181121,X,AAPL,172.74,5,173.16,3,0,R
3249,2018-01-04,09:30:19.181228,K,AAPL,172.93,1,172.99,1,0,R
3250,2018-01-04,09:30:19.181233,V,AAPL,172.69,1,173.81,1,2,R
3251,2018-01-04,09:30:19.181240,K,AAPL,172.92,3,172.99,1,0,R
3252,2018-01-04,09:30:19.181247,Z,AAPL,172.91,1,172.99,1,2,R
3253,2018-01-04,09:30:19.181250,K,AAPL,172.92,2,172.99,1,2,R
3254,2018-01-04,09:30:19.181266,K,AAPL,172.92,2,172.99,1,0,R
3255,2018-01-04,09:30:19.181274,Z,AAPL,172.84,1,172.99,1,0,R
3256,2018-01-04,09:30:19.181315,Y,AAPL,172.88,1,173.0,2,0,R
3257,2018-01-04,09:30:19.181330,K,AAPL,172.92,2,172.98,1,0,R
3258,2018-01-04,09:30:19.181338,J,AAPL,172.73,1,172.97,1,2,R
3259,2018-01-04,09:30:19.181351,Z,AAPL,172.84,1,172.96,1,2,R
3260,2018-01-04,09:30:19.181355,Y,AAPL,172.88,1,172.96,1,0,R
3261,2018-01-04,09:30:19.181369,Q,AAPL,172.89,1,172.98,6,0,R
3262,2018-01-04,09:30:19.181369,K,AAPL,172.92,2,172.98,2,0,R
3263,2018-01-04,09:30:19.181376,J,AAPL,172.73,1,173.2,1,0,R
3264,2018-01-04,09:30:19.181394,Z,AAPL,172.84,1,173.0,2,2,R
3265,2018-01-04,09:30:19.181401,Q,AAPL,172.89,2,172.98,6,0,R
3266,2018-01-04,09:30:19.181402,Y,AAPL,172.88,1,172.96,1,0,R
3267,2018-01-04,09:30:19.181407,J,AAPL,172.73,1,173.2,1,0,R
3268,2018-01-04,09:30:19.181422,K,AAPL,172.92,2,172.98,2,0,R
3269,2018-01-04,09:30:19.181438,K,AAPL,172.92,2,172.97,1,0,R
3270,2018-01-04,09:30:19.181453,P,AAPL,172.82,2,172.99,2,0,R
3271,2018-01-04,09:30:19.181473,J,AAPL,172.73,1,173.2,1,0,R
3272,2018-01-04,09:30:19.181476,Z,AAPL,172.84,1,172.96,1,0,R
3273,2018-01-04,09:30:19.181483,Z,AAPL,172.84,1,172.96,1,0,R
3274,2018-01-04,09:30:19.181492,Y,AAPL,172.25,1,172.99,1,2,R
3275,2018-01-04,09:30:19.181527,P,AAPL,172.82,2,172.98,1,0,R
3276,2018-01-04,09:30:19.181550,K,AAPL,172.92,2,172.98,2,0,R
3277,2018-01-04,09:30:19.181601,B,AAPL,172.54,1,172.96,1,0,R
3278,2018-01-04,09:30:19.181630,Y,AAPL,172.25,1,172.99,1,0,R
3279,2018-01-04,09:30:19.181639,J,AAPL,172.73,1,173.2,1,0,R
3280,2018-01-04,09:30:19.181649,B,AAPL,172.54,1,172.96,2,2,R
3281,2018-01-04,09:30:19.181675,Z,AAPL,172.84,1,172.96,1,0,R
3282,2018-01-04,09:30:19.181677,K,AAPL,172.92,2,172.98,2,0,R
3283,2018-01-04,09:30:19.181694,Z,AAPL,172.89,1,172.96,1,0,R
3284,2018-01-04,09:30:19.181694,B,AAPL,172.54,1,172.96,1,2,R
3285,2018-01-04,09:30:19.181775,P,AAPL,172.82,2,172.98,2,0,R
3286,2018-01-04,09:30:19.181784,Z,AAPL,172.89,1,172.96,1,0,R
3287,2018-01-04,09:30:19.181796,P,AAPL,172.82,2,172.97,1,0,R
3288,2018-01-04,09:30:19.181812,P,AAPL,172.82,2,172.96,1,0,R
3289,2018-01-04,09:30:19.182109,P,AAPL,172.89,1,172.96,1,0,R
3290,2018-01-04,09:30:19.182348,P,AAPL,172.82,2,172.96,1,0,R
3291,2018-01-04,09:30:19.182385,Q,AAPL,172.89,2,172.98,5,0,R
3292,2018-01-04,09:30:19.182387,Q,AAPL,172.89,2,172.98,4,0,R
3293,2018-01-04,09:30:19.182390,Q,AAPL,172.89,2,172.98,3,0,R
3294,2018-01-04,09:30:19.182393,Q,AAPL,172.89,2,172.98,2,0,R
3295,2018-01-04,09:30:19.182395,Q,AAPL,172.89,2,172.98,1,0,R
3296,2018-01-04,09:30:19.182422,Q,AAPL,172.89,1,172.98,1,0,R
3297,2018-01-04,09:30:19.182430,Q,AAPL,172.89,1,172.99,2,0,R
3298,2018-01-04,09:30:19.182434,K,AAPL,172.92,2,172.98,1,0,R
3299,2018-01-04,09:30:19.182446,Q,AAPL,172.88,1,172.99,2,0,R
3300,2018-01-04,09:30:19.182486,Q,AAPL,172.88,1,172.98,1,0,R
3301,2018-01-04,09:30:19.182514,Q,AAPL,172.88,1,172.98,2,0,R
3302,2018-01-04,09:30:19.182518,K,AAPL,172.92,2,173.0,11,0,R
3303,2018-01-04,09:30:19.184037,P,AAPL,172.83,1,172.96,1,0,R
3304,2018-01-04,09:30:19.184099,P,AAPL,172.83,2,172.96,1,0,R
3305,2018-01-04,09:30:19.184516,P,AAPL,172.92,1,172.96,1,0,R
3306,2018-01-04,09:30:19.184586,P,AAPL,172.92,2,172.96,1,0,R
3307,2018-01-04,09:30:19.184610,P,AAPL,172.92,1,172.96,1,0,R
3308,2018-01-04,09:30:19.184706,Z,AAPL,172.84,1,172.96,1,0,R
3309,2018-01-04,09:30:19.185277,V,AAPL,172.92,1,173.81,1,0,R
3310,2018-01-04,09:30:19.186039,Q,AAPL,172.88,1,172.96,1,0,R
3311,2018-01-04,09:30:19.186068,Q,AAPL,172.88,1,172.96,2,2,R
3312,2018-01-04,09:30:19.186375,Z,AAPL,172.84,1,173.0,2,0,R
3313,2018-01-04,09:30:19.186380,K,AAPL,172.92,2,172.96,1,0,R
3314,2018-01-04,09:30:19.186397,Y,AAPL,172.84,1,172.99,1,0,R
3315,2018-01-04,09:30:19.186411,Q,AAPL,172.88,1,172.96,3,2,R
3316,2018-01-04,09:30:19.186469,K,AAPL,172.92,2,173.0,11,0,R
3317,2018-01-04,09:30:19.186490,Y,AAPL,172.84,2,172.99,1,0,R
3318,2018-01-04,09:30:19.189768,P,AAPL,172.83,1,172.96,1,0,R
3319,2018-01-04,09:30:19.189833,K,AAPL,172.92,2,173.0,11,0,R
3320,2018-01-04,09:30:19.189842,P,AAPL,172.83,1,172.95,1,2,R
3321,2018-01-04,09:30:19.189899,B,AAPL,172.54,1,173.0,1,0,R
3322,2018-01-04,09:30:19.189911,B,AAPL,172.54,1,172.95,1,0,R
3323,2018-01-04,09:30:19.189926,Z,AAPL,172.84,1,172.96,1,0,R
3324,2018-01-04,09:30:19.189932,K,AAPL,172.92,2,172.99,1,0,R
3325,2018-01-04,09:30:19.189932,Y,AAPL,172.84,2,172.96,1,0,R
3326,2018-01-04,09:30:19.189937,J,AAPL,172.73,1,172.96,1,0,R
3327,2018-01-04,09:30:19.189940,Z,AAPL,172.84,1,173.0,2,0,R
3328,2018-01-04,09:30:19.189940,Y,AAPL,172.84,1,172.99,1,0,R
3329,2018-01-04,09:30:19.189956,J,AAPL,172.73,1,173.2,1,0,R
3330,2018-01-04,09:30:19.190013,Z,AAPL,172.84,1,172.96,1,0,R
3331,2018-01-04,09:30:19.190021,Y,AAPL,172.84,1,172.96,1,0,R
3332,2018-01-04,09:30:19.190036,Y,AAPL,172.25,1,172.96,1,0,R
3333,2018-01-04,09:30:19.190346,V,AAPL,172.69,1,173.81,1,0,R
3334,2018-01-04,09:30:19.192631,P,AAPL,172.92,1,172.95,1,2,R
3335,2018-01-04,09:30:19.192821,V,AAPL,172.92,1,173.81,1,0,R
3336,2018-01-04,09:30:19.211892,P,AAPL,172.92,1,172.95,2,2,R
3337,2018-01-04,09:30:19.211975,P,AAPL,172.92,1,172.95,3,2,R
3338,2018-01-04,09:30:19.211989,K,AAPL,172.92,2,173.0,11,0,R
3339,2018-01-04,09:30:19.253784,K,AAPL,172.92,1,173.0,11,2,R
3340,2018-01-04,09:30:19.253868,K,AAPL,172.78,1,173.0,11,0,R
3341,2018-01-04,09:30:19.253893,Y,AAPL,172.84,1,172.96,1,0,R
3342,2018-01-04,09:30:19.253977,Z,AAPL,172.9,1,172.96,1,0,R
3343,2018-01-04,09:30:19.253983,Y,AAPL,172.84,2,172.96,1,0,R
3344,2018-01-04,09:30:19.254061,Z,AAPL,172.9,1,172.96,1,0,R
3345,2018-01-04,09:30:19.254068,Z,AAPL,172.9,2,172.96,1,0,R
3346,2018-01-04,09:30:19.254135,K,AAPL,172.9,1,173.0,11,0,R
3347,2018-01-04,09:30:19.394473,Z,AAPL,172.9,1,172.96,1,0,R
3348,2018-01-04,09:30:19.547938,P,AAPL,172.92,3,172.95,3,4,R
3349,2018-01-04,09:30:19.548012,P,AAPL,172.92,3,172.95,2,4,R
3350,2018-01-04,09:30:19.548025,B,AAPL,172.54,1,173.0,1,0,R
3351,2018-01-04,09:30:19.548067,K,AAPL,172.92,1,173.0,11,0,R
3352,2018-01-04,09:30:19.548077,Y,AAPL,172.84,1,172.96,1,0,R
3353,2018-01-04,09:30:19.548091,Y,AAPL,172.85,1,172.96,1,0,R
3354,2018-01-04,09:30:19.548143,B,AAPL,172.92,2,173.0,1,0,R
3355,2018-01-04,09:30:19.548174,Y,AAPL,172.85,2,172.96,1,0,R
3356,2018-01-04,09:30:19.548179,Y,AAPL,172.85,1,172.96,1,0,R
3357,2018-01-04,09:30:19.548870,X,AAPL,172.92,1,173.16,3,0,R
3358,2018-01-04,09:30:19.582772,K,AAPL,172.92,1,173.0,9,0,R
3359,2018-01-04,09:30:19.582843,Y,AAPL,172.87,1,172.96,1,0,R
3360,2018-01-04,09:30:19.582927,Y,AAPL,172.87,2,172.96,1,0,R
3361,2018-01-04,09:30:19.590104,K,AAPL,172.92,1,172.96,2,0,R
3362,2018-01-04,09:30:19.590111,Q,AAPL,172.88,1,172.96,5,0,R
3363,2018-01-04,09:30:19.592212,Z,AAPL,172.9,1,172.96,1,0,R
3364,2018-01-04,09:30:19.592287,Z,AAPL,172.9,1,172.96,1,0,R
3365,2018-01-04,09:30:19.592305,Z,AAPL,172.9,1,172.96,1,0,R
3366,2018-01-04,09:30:19.696307,P,AAPL,172.92,3,172.95,1,4,R
3367,2018-01-04,09:30:19.696653,K,AAPL,172.92,2,172.96,2,0,R
3368,2018-01-04,09:30:20.144869,B,AAPL,172.92,2,172.95,1,0,R
3369,2018-01-04,09:30:20.588544,Y,AAPL,172.87,1,172.96,1,0,R
3370,2018-01-04,09:30:20.588626,Y,AAPL,172.75,1,172.96,1,0,R
3371,2018-01-04,09:30:20.604570,B,AAPL,172.54,1,172.95,1,0,R
3372,2018-01-04,09:30:20.604695,X,AAPL,172.64,3,173.16,3,0,R
3373,2018-01-04,09:30:20.604739,X,AAPL,172.75,5,173.16,3,0,R
3374,2018-01-04,09:30:20.604969,Y,AAPL,172.84,1,172.96,1,0,R
3375,2018-01-04,09:30:20.605012,Z,AAPL,172.9,1,172.96,1,0,R
3376,2018-01-04,09:30:20.605017,Z,AAPL,172.9,1,172.96,1,0,R
3377,2018-01-04,09:30:20.605062,Y,AAPL,172.84,2,172.96,1,0,R
3378,2018-01-04,09:30:20.605074,K,AAPL,172.92,1,172.96,2,0,R
3379,2018-01-04,09:30:20.605085,K,AAPL,172.9,1,172.96,2,0,R
3380,2018-01-04,09:30:20.605129,K,AAPL,172.9,1,172.96,2,0,R
3381,2018-01-04,09:30:20.605148,J,AAPL,172.73,1,173.2,1,0,R
3382,2018-01-04,09:30:20.605170,Y,AAPL,172.84,2,172.94,1,2,R
3383,2018-01-04,09:30:20.605191,B,AAPL,172.54,1,173.0,1,0,R
3384,2018-01-04,09:30:20.605202,J,AAPL,172.73,1,172.94,1,0,R
3385,2018-01-04,09:30:20.605309,P,AAPL,172.92,3,172.95,3,0,R
3386,2018-01-04,09:30:20.605646,P,AAPL,172.92,3,172.94,2,4,R
3387,2018-01-04,09:30:20.605779,Y,AAPL,172.84,1,172.94,1,0,R
3388,2018-01-04,09:30:20.605861,Y,AAPL,172.75,1,172.94,1,0,R
3389,2018-01-04,09:30:20.605892,P,AAPL,172.9,1,172.94,2,2,R
3390,2018-01-04,09:30:20.606079,Z,AAPL,172.9,1,172.96,1,0,R
3391,2018-01-04,09:30:20.606090,K,AAPL,172.9,1,172.96,2,0,R
3392,2018-01-04,09:30:20.606242,Y,AAPL,172.75,1,172.96,1,0,R
3393,2018-01-04,09:30:20.606249,J,AAPL,172.73,1,173.2,1,0,R
3394,2018-01-04,09:30:20.606267,P,AAPL,172.9,1,172.94,2,0,R
3395,2018-01-04,09:30:20.606350,P,AAPL,172.9,1,172.93,1,2,R
3396,2018-01-04,09:30:20.606358,X,AAPL,172.64,3,173.16,3,0,R
3397,2018-01-04,09:30:20.606426,X,AAPL,172.73,5,173.16,3,0,R
3398,2018-01-04,09:30:20.606475,J,AAPL,172.73,1,173.2,1,0,R
3399,2018-01-04,09:30:20.606479,Z,AAPL,172.9,1,172.96,1,0,R
3400,2018-01-04,09:30:20.606481,K,AAPL,172.9,1,172.96,2,0,R
3401,2018-01-04,09:30:20.606487,Z,AAPL,172.9,1,172.96,1,0,R
3402,2018-01-04,09:30:20.607586,V,AAPL,172.69,1,173.81,1,2,R
3403,2018-01-04,09:30:20.610042,B,AAPL,172.9,1,173.0,1,0,R
3404,2018-01-04,09:30:20.610489,P,AAPL,172.9,2,172.93,1,4,R
3405,2018-01-04,09:30:20.610768,Q,AAPL,172.88,1,172.96,4,0,R
3406,2018-01-04,09:30:20.610825,Q,AAPL,172.88,1,172.96,3,0,R
3407,2018-01-04,09:30:20.628938,K,AAPL,172.92,1,172.96,2,2,R
3408,2018-01-04,09:30:20.629055,B,AAPL,172.92,1,173.0,1,0,R
3409,2018-01-04,09:30:20.629388,P,AAPL,172.9,2,172.95,3,2,R
3410,2018-01-04,09:30:20.629399,P,AAPL,172.9,2,172.95,1,2,R
3411,2018-01-04,09:30:20.629453,P,AAPL,172.92,1,172.95,1,0,R
3412,2018-01-04,09:30:20.629469,P,AAPL,172.92,1,172.95,3,2,R
3413,2018-01-04,09:30:20.629560,Y,AAPL,172.25,1,172.96,1,0,R
3414,2018-01-04,09:30:20.630890,Z,AAPL,172.84,1,172.96,1,0,R
3415,2018-01-04,09:30:20.631454,B,AAPL,172.92,1,172.95,1,0,R
3416,2018-01-04,09:30:20.640455,Q,AAPL,172.92,3,172.96,3,2,R
3417,2018-01-04,09:30:20.640488,Q,AAPL,172.88,1,172.96,3,2,R
3418,2018-01-04,09:30:20.640514,Q,AAPL,172.88,1,172.95,1,0,R
3419,2018-01-04,09:30:20.640531,Q,AAPL,172.88,1,172.95,2,0,R
3420,2018-01-04,09:30:20.640535,Q,AAPL,172.88,1,172.95,3,0,R
3421,2018-01-04,09:30:20.640538,B,AAPL,172.54,1,172.95,1,0,R
3422,2018-01-04,09:30:20.640574,B,AAPL,172.54,1,173.0,1,0,R
3423,2018-01-04,09:30:20.640812,Y,AAPL,172.84,1,172.96,1,0,R
3424,2018-01-04,09:30:20.640816,Z,AAPL,172.84,1,172.96,1,0,R
3425,2018-01-04,09:30:20.640828,Y,AAPL,172.84,1,172.96,1,0,R
3426,2018-01-04,09:30:20.640840,J,AAPL,172.73,1,173.2,1,0,R
3427,2018-01-04,09:30:20.640848,Y,AAPL,172.25,1,172.96,1,0,R
3428,2018-01-04,09:30:20.640853,K,AAPL,172.92,1,172.96,2,0,R
3429,2018-01-04,09:30:20.640903,Y,AAPL,172.84,1,172.96,1,0,R
3430,2018-01-04,09:30:20.640952,K,AAPL,172.78,1,172.96,2,2,R
3431,2018-01-04,09:30:20.641046,K,AAPL,172.78,1,172.93,1,2,R
3432,2018-01-04,09:30:20.641256,K,AAPL,172.78,1,172.93,1,0,R
3433,2018-01-04,09:30:20.641335,P,AAPL,172.83,1,172.95,3,2,R
3434,2018-01-04,09:30:20.641571,K,AAPL,172.78,1,172.93,1,0,R
3435,2018-01-04,09:30:20.641613,Q,AAPL,172.88,1,172.95,2,0,R
3436,2018-01-04,09:30:20.641643,B,AAPL,172.88,1,173.0,1,0,R
3437,2018-01-04,09:30:20.641648,Q,AAPL,172.88,1,172.95,1,0,R
3438,2018-01-04,09:30:20.641668,J,AAPL,172.73,1,172.93,1,0,R
3439,2018-01-04,09:30:20.641675,K,AAPL,172.78,1,172.92,2,2,R
3440,2018-01-04,09:30:20.641688,B,AAPL,172.88,2,173.0,1,2,R
3441,2018-01-04,09:30:20.642112,P,AAPL,172.83,1,172.93,2,0,R
3442,2018-01-04,09:30:20.642144,B,AAPL,172.88,3,173.0,1,2,R
3443,2018-01-04,09:30:20.642182,P,AAPL,172.83,1,172.93,3,0,R
3444,2018-01-04,09:30:20.642195,P,AAPL,172.83,1,172.92,2,0,R
3445,2018-01-04,09:30:20.643067,Q,AAPL,172.88,2,172.95,1,0,R
3446,2018-01-04,09:30:20.670806,Z,AAPL,172.84,1,172.96,1,0,R
3447,2018-01-04,09:30:20.670806,Y,AAPL,172.84,1,172.96,1,0,R
3448,2018-01-04,09:30:20.670847,Q,AAPL,172.88,2,172.96,3,0,R
3449,2018-01-04,09:30:20.670898,Y,AAPL,172.84,1,172.96,2,0,R
3450,2018-01-04,09:30:20.671655,J,AAPL,172.73,1,173.2,1,0,R
3451,2018-01-04,09:30:20.672766,K,AAPL,172.78,1,172.92,1,2,R
3452,2018-01-04,09:30:20.672853,K,AAPL,172.78,1,172.93,1,0,R
3453,2018-01-04,09:30:20.761684,B,AAPL,172.88,2,173.0,1,2,R
3454,2018-01-04,09:30:20.783373,J,AAPL,172.25,1,173.2,1,0,R
3455,2018-01-04,09:30:20.895922,Q,AAPL,172.88,3,172.96,3,2,R
3456,2018-01-04,09:30:20.921222,B,AAPL,172.88,2,173.26,1,0,R
3457,2018-01-04,09:30:20.939068,P,AAPL,172.83,1,172.93,3,2,R
3458,2018-01-04,09:30:20.939078,P,AAPL,172.83,1,172.93,1,2,R
3459,2018-01-04,09:30:20.939146,P,AAPL,172.83,1,172.95,1,0,R
3460,2018-01-04,09:30:20.939167,K,AAPL,172.78,1,172.96,2,2,R
3461,2018-01-04,09:30:20.939270,Y,AAPL,172.84,2,172.96,2,0,R
3462,2018-01-04,09:30:20.939291,Y,AAPL,172.84,2,172.96,1,0,R
3463,2018-01-04,09:30:20.939362,Y,AAPL,172.84,2,173.17,1,0,R
3464,2018-01-04,09:30:20.952235,B,AAPL,172.88,2,172.95,1,0,R
3465,2018-01-04,09:30:20.952284,B,AAPL,172.88,2,172.95,2,2,R
3466,2018-01-04,09:30:20.952599,Y,AAPL,172.84,2,172.97,1,0,R
3467,2018-01-04,09:30:20.952687,Y,AAPL,172.84,2,172.97,2,0,R
3468,2018-01-04,09:30:21.061915,B,AAPL,172.88,2,172.95,1,2,R
3469,2018-01-04,09:30:21.061949,B,AAPL,172.88,2,173.26,1,0,R
3470,2018-01-04,09:30:21.062254,Y,AAPL,172.84,2,172.96,1,0,R
3471,2018-01-04,09:30:21.062342,Y,AAPL,172.84,2,172.96,2,0,R
3472,2018-01-04,09:30:21.093974,B,AAPL,172.88,2,172.95,1,0,R
3473,2018-01-04,09:30:21.094021,B,AAPL,172.88,2,172.95,2,2,R
3474,2018-01-04,09:30:21.120040,B,AAPL,172.88,2,172.95,1,2,R
3475,2018-01-04,09:30:21.120072,B,AAPL,172.88,2,173.26,1,0,R
3476,2018-01-04,09:30:21.177050,B,AAPL,172.88,2,172.95,1,0,R
3477,2018-01-04,09:30:21.177093,B,AAPL,172.88,2,172.95,2,2,R
3478,2018-01-04,09:30:21.207977,Y,AAPL,172.88,3,172.96,2,0,R
3479,2018-01-04,09:30:21.208068,Y,AAPL,172.88,4,172.96,2,2,R
3480,2018-01-04,09:30:21.208079,Y,AAPL,172.88,3,172.96,2,2,R
3481,2018-01-04,09:30:21.216315,P,AAPL,172.83,1,172.97,2,0,R
3482,2018-01-04,09:30:21.230040,B,AAPL,172.88,2,172.95,1,2,R
3483,2018-01-04,09:30:21.230075,B,AAPL,172.88,2,173.26,1,2,R
3484,2018-01-04,09:30:21.230102,B,AAPL,172.88,2,172.96,1,0,R
3485,2018-01-04,09:30:21.230147,B,AAPL,172.88,2,172.96,2,0,R
3486,2018-01-04,09:30:21.230633,Y,AAPL,172.88,3,172.96,1,0,R
3487,2018-01-04,09:30:21.230703,Y,AAPL,172.88,3,173.17,1,0,R
3488,2018-01-04,09:30:21.231088,Y,AAPL,172.88,3,173.17,1,0,R
3489,2018-01-04,09:30:21.231137,P,AAPL,172.83,1,172.97,2,0,R
3490,2018-01-04,09:30:21.254316,B,AAPL,172.88,2,172.96,2,0,R
3491,2018-01-04,09:30:21.260357,B,AAPL,172.88,2,172.96,2,0,R
3492,2018-01-04,09:30:21.267539,Y,AAPL,172.88,3,173.17,1,0,R
3493,2018-01-04,09:30:21.274338,P,AAPL,172.83,1,172.97,2,0,R
3494,2018-01-04,09:30:21.615769,P,AAPL,172.83,1,172.97,1,0,R
3495,2018-01-04,09:30:21.615844,P,AAPL,172.83,1,173.03,1,0,R
3496,2018-01-04,09:30:21.615950,Y,AAPL,172.88,3,172.96,1,0,R
3497,2018-01-04,09:30:21.616033,Y,AAPL,172.88,3,172.96,2,0,R
3498,2018-01-04,09:30:21.617247,Q,AAPL,172.88,3,172.96,4,2,R
3499,2018-01-04,09:30:21.647860,J,AAPL,172.66,1,173.2,1,0,R
3500,2018-01-04,09:30:21.980012,B,AAPL,172.88,2,172.96,1,0,R
3501,2018-01-04,09:30:21.980051,B,AAPL,172.88,2,173.26,1,0,R
3502,2018-01-04,09:30:21.990194,Q,AAPL,172.88,3,172.96,2,2,R
3503,2018-01-04,09:30:21.990211,K,AAPL,172.78,1,173.0,9,2,R
3504,2018-01-04,09:30:21.990304,Y,AAPL,172.88,3,172.96,1,2,R
3505,2018-01-04,09:30:21.990381,Y,AAPL,172.88,3,173.17,1,2,R
3506,2018-01-04,09:30:21.990512,B,AAPL,172.88,2,173.26,1,0,R
3507,2018-01-04,09:30:21.991715,P,AAPL,172.83,1,172.96,1,0,R
3508,2018-01-04,09:30:21.991791,P,AAPL,172.83,1,172.96,2,0,R
3509,2018-01-04,09:30:21.992550,X,AAPL,172.73,5,172.95,1,2,R
3510,2018-01-04,09:30:21.993348,P,AAPL,172.83,1,172.96,2,0,R
3511,2018-01-04,09:30:21.993763,P,AAPL,172.83,1,172.96,1,0,R
3512,2018-01-04,09:30:21.993815,B,AAPL,172.88,2,172.96,1,0,R
3513,2018-01-04,09:30:21.993825,P,AAPL,172.83,1,173.03,1,0,R
3514,2018-01-04,09:30:21.993863,B,AAPL,172.88,2,172.96,2,0,R
3515,2018-01-04,09:30:21.993994,K,AAPL,172.78,1,173.0,11,0,R
3516,2018-01-04,09:30:22.033043,X,AAPL,172.73,5,173.16,3,2,R
3517,2018-01-04,09:30:22.034101,P,AAPL,172.83,1,173.03,1,0,R
3518,2018-01-04,09:30:22.049673,Y,AAPL,172.88,3,173.17,1,0,R
3519,2018-01-04,09:30:22.052189,Y,AAPL,172.88,3,172.97,1,0,R
3520,2018-01-04,09:30:22.052273,Y,AAPL,172.88,3,172.97,2,0,R
3521,2018-01-04,09:30:22.058245,B,AAPL,172.88,2,172.96,2,0,R
3522,2018-01-04,09:30:22.070809,Y,AAPL,172.88,3,172.97,2,0,R
3523,2018-01-04,09:30:22.319997,K,AAPL,172.78,1,173.0,11,0,R
3524,2018-01-04,09:30:22.520695,X,AAPL,172.73,5,172.95,1,2,R
3525,2018-01-04,09:30:22.520777,B,AAPL,172.88,2,172.96,2,0,R
3526,2018-01-04,09:30:22.521520,P,AAPL,172.83,1,173.03,1,0,R
3527,2018-01-04,09:30:22.558021,X,AAPL,172.73,5,173.16,3,2,R
3528,2018-01-04,09:30:22.558102,B,AAPL,172.88,2,172.96,2,0,R
3529,2018-01-04,09:30:22.558821,P,AAPL,172.83,1,173.03,1,0,R
3530,2018-01-04,09:30:23.132316,Y,AAPL,172.88,3,172.97,1,0,R
3531,2018-01-04,09:30:23.132393,Y,AAPL,172.88,3,173.17,1,0,R
3532,2018-01-04,09:30:24.408283,Q,AAPL,172.92,1,172.96,2,2,R
3533,2018-01-04,09:30:24.408328,B,AAPL,172.88,1,172.96,2,0,R
3534,2018-01-04,09:30:24.408353,B,AAPL,172.88,1,172.96,1,2,R
3535,2018-01-04,09:30:24.408360,B,AAPL,172.88,1,172.96,1,0,R
3536,2018-01-04,09:30:24.408376,B,AAPL,172.92,1,172.96,1,0,R
3537,2018-01-04,09:30:24.408391,B,AAPL,172.92,1,172.96,1,0,R
3538,2018-01-04,09:30:24.408473,Q,AAPL,172.92,2,172.96,2,4,R
3539,2018-01-04,09:30:24.408607,Z,AAPL,172.84,1,173.0,2,0,R
3540,2018-01-04,09:30:24.408710,Y,AAPL,172.88,3,172.98,1,0,R
3541,2018-01-04,09:30:24.408803,Y,AAPL,172.88,3,172.98,2,0,R
3542,2018-01-04,09:30:24.408895,Y,AAPL,172.88,3,172.98,1,0,R
3543,2018-01-04,09:30:24.408922,Y,AAPL,172.88,3,172.98,1,0,R
3544,2018-01-04,09:30:24.408933,Y,AAPL,172.88,3,172.98,1,0,R
3545,2018-01-04,09:30:24.408961,Y,AAPL,172.88,3,173.17,1,0,R
3546,2018-01-04,09:30:24.409081,P,AAPL,172.83,1,173.03,1,0,R
3547,2018-01-04,09:30:24.409525,P,AAPL,172.83,1,173.03,1,0,R
3548,2018-01-04,09:30:24.409580,K,AAPL,172.78,1,173.0,11,0,R
3549,2018-01-04,09:30:24.642581,B,AAPL,172.92,1,173.26,1,0,R
3550,2018-01-04,09:30:24.659203,K,AAPL,172.89,1,173.0,11,0,R
3551,2018-01-04,09:30:24.659340,K,AAPL,172.89,2,173.0,11,0,R
3552,2018-01-04,09:30:24.659353,Y,AAPL,172.88,3,173.0,1,0,R
3553,2018-01-04,09:30:24.659438,Y,AAPL,172.88,3,173.0,2,0,R
3554,2018-01-04,09:30:24.681613,B,AAPL,172.92,1,172.96,1,0,R
3555,2018-01-04,09:30:24.878969,Q,AAPL,172.92,2,172.96,1,4,R
3556,2018-01-04,09:30:24.880382,B,AAPL,172.92,1,173.26,1,0,R
3557,2018-01-04,09:30:24.880746,Y,AAPL,172.88,4,173.0,2,0,R
3558,2018-01-04,09:30:25.020745,X,AAPL,172.74,8,173.16,3,0,R
3559,2018-01-04,09:30:25.020755,Z,AAPL,172.85,8,173.0,2,0,R
3560,2018-01-04,09:30:25.020768,B,AAPL,172.92,1,173.26,2,0,R
3561,2018-01-04,09:30:25.020768,B,AAPL,172.92,1,173.25,1,0,R
3562,2018-01-04,09:30:25.020770,X,AAPL,172.74,8,172.99,6,0,R
3563,2018-01-04,09:30:25.020779,Z,AAPL,172.85,8,172.99,6,0,R
3564,2018-01-04,09:30:25.020781,Y,AAPL,172.89,1,173.0,3,0,R
3565,2018-01-04,09:30:25.020782,K,AAPL,172.89,2,172.99,7,0,R
3566,2018-01-04,09:30:25.020792,Y,AAPL,172.89,1,172.99,1,0,R
3567,2018-01-04,09:30:25.020813,B,AAPL,172.92,1,173.25,2,0,R
3568,2018-01-04,09:30:25.020855,Z,AAPL,172.85,9,172.99,6,0,R
3569,2018-01-04,09:30:25.020863,Y,AAPL,172.89,2,172.99,1,0,R
3570,2018-01-04,09:30:25.020867,Z,AAPL,172.85,9,172.99,7,0,R
3571,2018-01-04,09:30:25.020881,Y,AAPL,172.89,2,172.99,2,0,R
3572,2018-01-04,09:30:25.020892,B,AAPL,172.92,1,173.24,1,0,R
3573,2018-01-04,09:30:25.020943,Z,AAPL,172.86,8,172.99,7,0,R
3574,2018-01-04,09:30:25.021023,Z,AAPL,172.86,9,172.99,7,0,R
3575,2018-01-04,09:30:25.021114,Z,AAPL,172.87,9,172.99,7,0,R
3576,2018-01-04,09:30:25.021178,K,AAPL,172.89,7,172.99,7,0,R
3577,2018-01-04,09:30:25.021195,Z,AAPL,172.87,10,172.99,7,0,R
3578,2018-01-04,09:30:25.021215,K,AAPL,172.9,7,172.99,7,0,R
3579,2018-01-04,09:30:25.021288,Z,AAPL,172.88,9,172.99,7,0,R
3580,2018-01-04,09:30:25.021369,Z,AAPL,172.88,10,172.99,7,0,R
3581,2018-01-04,09:30:25.021452,Z,AAPL,172.89,9,172.99,7,0,R
3582,2018-01-04,09:30:25.021458,Y,AAPL,172.89,3,172.99,2,0,R
3583,2018-01-04,09:30:25.021532,Z,AAPL,172.89,10,172.99,7,0,R
3584,2018-01-04,09:30:25.021623,Z,AAPL,172.9,8,172.99,7,0,R
3585,2018-01-04,09:30:25.021697,Z,AAPL,172.9,9,172.99,7,0,R
3586,2018-01-04,09:30:25.032952,Z,AAPL,172.9,8,172.99,7,0,R
3587,2018-01-04,09:30:25.049788,Y,AAPL,172.89,2,172.99,2,0,R
3588,2018-01-04,09:30:25.049897,Y,AAPL,172.9,1,172.99,2,0,R
3589,2018-01-04,09:30:25.049978,Y,AAPL,172.9,2,172.99,2,0,R
3590,2018-01-04,09:30:25.094475,Y,AAPL,172.9,1,172.99,2,0,R
3591,2018-01-04,09:30:25.115301,K,AAPL,172.9,7,172.99,5,0,R
3592,2018-01-04,09:30:25.115320,K,AAPL,172.9,5,172.99,5,0,R
3593,2018-01-04,09:30:25.115343,X,AAPL,172.74,8,172.99,3,0,R
3594,2018-01-04,09:30:25.115386,X,AAPL,172.74,5,172.99,3,0,R
3595,2018-01-04,09:30:25.116851,Z,AAPL,172.9,4,172.99,7,0,R
3596,2018-01-04,09:30:25.245224,B,AAPL,172.9,1,173.24,1,0,R
3597,2018-01-04,09:30:25.245288,B,AAPL,172.9,1,172.96,1,0,R
3598,2018-01-04,09:30:25.245291,B,AAPL,172.89,1,172.96,1,0,R
3599,2018-01-04,09:30:25.245305,Q,AAPL,172.92,1,172.96,1,4,R
3600,2018-01-04,09:30:25.245328,Q,AAPL,172.9,5,172.96,1,2,R
3601,2018-01-04,09:30:25.245349,Q,AAPL,172.9,5,172.95,1,2,R
3602,2018-01-04,09:30:25.245357,Q,AAPL,172.89,6,172.95,1,0,R
3603,2018-01-04,09:30:25.245367,Q,AAPL,172.89,6,172.95,2,2,R
3604,2018-01-04,09:30:25.245370,X,AAPL,172.74,5,172.95,1,0,R
3605,2018-01-04,09:30:25.245372,Q,AAPL,172.89,2,172.95,2,0,R
3606,2018-01-04,09:30:25.245386,B,AAPL,172.88,1,172.96,1,0,R
3607,2018-01-04,09:30:25.245395,B,AAPL,172.88,1,172.99,1,0,R
3608,2018-01-04,09:30:25.245407,B,AAPL,172.88,1,172.95,1,0,R
3609,2018-01-04,09:30:25.245412,B,AAPL,172.89,1,172.95,1,0,R
3610,2018-01-04,09:30:25.245431,Q,AAPL,172.89,5,172.95,2,0,R
3611,2018-01-04,09:30:25.245617,Y,AAPL,172.89,1,172.99,2,0,R
3612,2018-01-04,09:30:25.245652,Z,AAPL,172.89,9,172.99,7,0,R
3613,2018-01-04,09:30:25.245655,Y,AAPL,172.89,1,172.99,2,0,R
3614,2018-01-04,09:30:25.245667,Y,AAPL,172.88,4,172.99,2,0,R
3615,2018-01-04,09:30:25.245674,Z,AAPL,172.89,9,172.99,7,0,R
3616,2018-01-04,09:30:25.245692,J,AAPL,172.66,1,173.2,1,0,R
3617,2018-01-04,09:30:25.245695,K,AAPL,172.89,7,172.99,5,2,R
3618,2018-01-04,09:30:25.245714,K,AAPL,172.89,2,172.99,5,0,R
3619,2018-01-04,09:30:25.245741,Y,AAPL,172.88,4,172.98,1,0,R
3620,2018-01-04,09:30:25.245758,Z,AAPL,172.89,9,172.98,7,0,R
3621,2018-01-04,09:30:25.245788,K,AAPL,172.89,5,172.99,5,0,R
3622,2018-01-04,09:30:25.245792,Y,AAPL,172.89,1,172.98,1,0,R
3623,2018-01-04,09:30:25.245820,K,AAPL,172.89,5,172.98,4,0,R
3624,2018-01-04,09:30:25.245847,K,AAPL,172.89,5,172.97,4,0,R
3625,2018-01-04,09:30:25.245849,Z,AAPL,172.89,9,172.97,5,0,R
3626,2018-01-04,09:30:25.245859,Y,AAPL,172.89,1,172.97,1,0,R
3627,2018-01-04,09:30:25.245969,P,AAPL,172.83,1,172.99,1,0,R
3628,2018-01-04,09:30:25.246033,P,AAPL,172.83,1,172.96,1,0,R
3629,2018-01-04,09:30:25.246078,Z,AAPL,172.89,9,172.96,5,0,R
3630,2018-01-04,09:30:25.246081,Y,AAPL,172.89,1,172.96,1,0,R
3631,2018-01-04,09:30:25.246091,K,AAPL,172.89,5,172.96,4,0,R
3632,2018-01-04,09:30:25.246101,P,AAPL,172.83,1,172.95,1,0,R
3633,2018-01-04,09:30:25.246102,Q,AAPL,172.89,5,172.95,5,2,R
3634,2018-01-04,09:30:25.246109,X,AAPL,172.74,5,172.95,4,0,R
3635,2018-01-04,09:30:25.246115,B,AAPL,172.89,1,172.95,2,0,R
3636,2018-01-04,09:30:25.246170,Z,AAPL,172.89,9,172.95,4,0,R
3637,2018-01-04,09:30:25.246192,Y,AAPL,172.89,1,172.95,1,0,R
3638,2018-01-04,09:30:25.246202,K,AAPL,172.89,5,172.95,5,0,R
3639,2018-01-04,09:30:25.246474,Q,AAPL,172.89,5,172.94,4,2,R
3640,2018-01-04,09:30:25.246477,Q,AAPL,172.89,5,172.93,1,2,R
3641,2018-01-04,09:30:25.246479,X,AAPL,172.74,5,172.94,7,0,R
3642,2018-01-04,09:30:25.246513,Z,AAPL,172.89,9,172.94,3,0,R
3643,2018-01-04,09:30:25.246518,K,AAPL,172.89,5,172.94,5,0,R
3644,2018-01-04,09:30:25.246519,B,AAPL,172.89,1,172.95,1,0,R
3645,2018-01-04,09:30:25.246525,B,AAPL,172.89,1,172.94,1,0,R
3646,2018-01-04,09:30:25.246555,B,AAPL,172.89,1,172.95,1,0,R
3647,2018-01-04,09:30:25.246566,B,AAPL,172.89,1,172.94,1,0,R
3648,2018-01-04,09:30:25.246961,P,AAPL,172.83,1,172.94,1,0,R
3649,2018-01-04,09:30:25.247274,Q,AAPL,172.89,6,172.93,1,0,R
3650,2018-01-04,09:30:25.247882,Y,AAPL,172.89,2,172.95,1,0,R
3651,2018-01-04,09:30:25.247904,Q,AAPL,172.89,7,172.93,1,0,R
3652,2018-01-04,09:30:25.247926,Q,AAPL,172.89,7,172.94,4,2,R
3653,2018-01-04,09:30:25.247944,Q,AAPL,172.9,10,172.94,4,2,R
3654,2018-01-04,09:30:25.248227,Z,AAPL,172.89,9,172.94,3,0,R
3655,2018-01-04,09:30:25.248230,Y,AAPL,172.89,2,172.95,1,0,R
3656,2018-01-04,09:30:25.248241,J,AAPL,172.66,1,173.2,1,0,R
3657,2018-01-04,09:30:25.248251,K,AAPL,172.9,6,172.94,5,0,R
3658,2018-01-04,09:30:25.248265,K,AAPL,172.89,5,172.94,5,0,R
3659,2018-01-04,09:30:25.248307,Q,AAPL,172.9,10,172.95,3,0,R
3660,2018-01-04,09:30:25.248311,Y,AAPL,172.9,1,172.95,1,0,R
3661,2018-01-04,09:30:25.248312,X,AAPL,172.74,5,172.95,4,2,R
3662,2018-01-04,09:30:25.248339,B,AAPL,172.89,1,172.95,1,0,R
3663,2018-01-04,09:30:25.248344,Z,AAPL,172.89,9,172.95,4,0,R
3664,2018-01-04,09:30:25.248344,K,AAPL,172.89,5,172.95,5,2,R
3665,2018-01-04,09:30:25.248361,Q,AAPL,172.9,11,172.95,3,2,R
3666,2018-01-04,09:30:25.248626,K,AAPL,172.9,8,172.95,5,0,R
3667,2018-01-04,09:30:25.248702,K,AAPL,172.9,8,172.93,1,2,R
3668,2018-01-04,09:30:25.248758,Y,AAPL,172.9,2,172.95,1,0,R
3669,2018-01-04,09:30:25.248792,Y,AAPL,172.9,1,172.95,1,0,R
3670,2018-01-04,09:30:25.249136,Q,AAPL,172.9,11,172.93,1,0,R
3671,2018-01-04,09:30:25.249862,P,AAPL,172.83,1,172.93,1,0,R
3672,2018-01-04,09:30:25.249986,Q,AAPL,172.9,12,172.93,1,2,R
3673,2018-01-04,09:30:25.266471,Z,AAPL,172.89,5,172.95,4,0,R
3674,2018-01-04,09:30:25.283422,Q,AAPL,172.9,2,172.93,1,2,R
3675,2018-01-04,09:30:25.283610,K,AAPL,172.89,5,172.93,1,2,R
3676,2018-01-04,09:30:25.285115,X,AAPL,172.74,5,172.95,3,0,R
3677,2018-01-04,09:30:25.391594,B,AAPL,172.89,1,172.93,1,0,R
3678,2018-01-04,09:30:25.391656,B,AAPL,172.88,1,172.93,1,0,R
3679,2018-01-04,09:30:25.391987,K,AAPL,172.89,2,172.93,1,0,R
3680,2018-01-04,09:30:25.462683,Q,AAPL,172.9,1,172.93,1,2,R
3681,2018-01-04,09:30:25.462686,Q,AAPL,172.89,2,172.93,1,0,R
3682,2018-01-04,09:30:25.462734,B,AAPL,172.87,1,172.93,1,0,R
3683,2018-01-04,09:30:25.462768,B,AAPL,172.87,1,172.95,1,0,R
3684,2018-01-04,09:30:25.462784,B,AAPL,172.87,1,172.94,1,0,R
3685,2018-01-04,09:30:25.462819,B,AAPL,172.87,1,172.95,1,0,R
3686,2018-01-04,09:30:25.462855,B,AAPL,172.87,1,172.94,1,0,R
3687,2018-01-04,09:30:25.462878,B,AAPL,172.87,1,172.95,1,0,R
3688,2018-01-04,09:30:25.462907,B,AAPL,172.87,1,172.94,1,0,R
3689,2018-01-04,09:30:25.462928,B,AAPL,172.87,1,172.95,1,0,R
3690,2018-01-04,09:30:25.462961,B,AAPL,172.87,1,172.94,1,0,R
3691,2018-01-04,09:30:25.462984,B,AAPL,172.87,1,172.95,1,0,R
3692,2018-01-04,09:30:25.462995,Z,AAPL,172.88,5,172.95,4,0,R
3693,2018-01-04,09:30:25.463013,B,AAPL,172.87,1,172.94,1,0,R
3694,2018-01-04,09:30:25.463023,Y,AAPL,172.9,1,172.95,1,0,R
3695,2018-01-04,09:30:25.463031,Z,AAPL,172.87,10,172.95,4,0,R
3696,2018-01-04,09:30:25.463035,J,AAPL,172.66,1,173.2,1,0,R
3697,2018-01-04,09:30:25.463036,Z,AAPL,172.87,9,172.95,4,0,R
3698,2018-01-04,09:30:25.463037,B,AAPL,172.87,1,172.95,1,0,R
3699,2018-01-04,09:30:25.463045,Y,AAPL,172.88,3,172.95,1,2,R
3700,2018-01-04,09:30:25.463048,K,AAPL,172.89,2,172.93,1,0,R
3701,2018-01-04,09:30:25.463066,B,AAPL,172.87,1,172.94,1,0,R
3702,2018-01-04,09:30:25.463095,B,AAPL,172.87,1,172.95,1,0,R
3703,2018-01-04,09:30:25.463120,B,AAPL,172.87,1,172.94,1,0,R
3704,2018-01-04,09:30:25.463131,Z,AAPL,172.88,4,172.95,4,0,R
3705,2018-01-04,09:30:25.463141,Y,AAPL,172.88,3,172.94,1,0,R
3706,2018-01-04,09:30:25.463144,B,AAPL,172.87,1,172.95,1,0,R
3707,2018-01-04,09:30:25.463155,Z,AAPL,172.88,4,172.94,3,0,R
3708,2018-01-04,09:30:25.463173,B,AAPL,172.87,1,172.94,1,0,R
3709,2018-01-04,09:30:25.463209,B,AAPL,172.87,1,172.95,1,0,R
3710,2018-01-04,09:30:25.463215,Q,AAPL,172.89,2,172.93,4,2,R
3711,2018-01-04,09:30:25.463229,B,AAPL,172.87,1,172.94,1,0,R
3712,2018-01-04,09:30:25.463240,B,AAPL,172.87,1,172.93,1,0,R
3713,2018-01-04,09:30:25.463266,B,AAPL,172.87,1,172.95,1,0,R
3714,2018-01-04,09:30:25.463269,Z,AAPL,172.88,4,172.93,3,0,R
3715,2018-01-04,09:30:25.463277,K,AAPL,172.89,2,172.93,5,2,R
3716,2018-01-04,09:30:25.463282,Y,AAPL,172.88,3,172.93,1,0,R
3717,2018-01-04,09:30:25.463283,B,AAPL,172.87,1,172.94,1,0,R
3718,2018-01-04,09:30:25.463299,B,AAPL,172.87,1,172.93,1,0,R
3719,2018-01-04,09:30:25.463323,B,AAPL,172.87,1,172.95,1,0,R
3720,2018-01-04,09:30:25.463326,B,AAPL,172.87,1,172.94,1,0,R
3721,2018-01-04,09:30:25.463337,B,AAPL,172.87,1,172.94,2,0,R
3722,2018-01-04,09:30:25.463361,B,AAPL,172.87,1,172.93,1,0,R
3723,2018-01-04,09:30:25.463384,B,AAPL,172.87,1,172.94,1,0,R
3724,2018-01-04,09:30:25.463392,B,AAPL,172.87,1,172.94,2,0,R
3725,2018-01-04,09:30:25.463396,B,AAPL,172.87,1,172.93,1,0,R
